2950 4548
255 291 319 364 15ss
538 293 581 382 Q.
607 293 815 362 nonsrn
840 294 1016 364 nuncet

394 433 505 502 AEtas?
521 429 602 525 quid
615 432 777 502 intactum
786 403 911 502 nefasti

442 549 633 646 Liquimus?
645 547 735 620 unde
746 573 883 620 manum
893 551 1050 643 juventus

346 675 440 740 Metu
452 673 602 740 Deorum
615 667 801 740 continuit?
815 668 934 763 quibus

346 789 498 883 Pepercit
511 782 599 856 nris?
614 789 646 858 Ο
660 787 789 858 utinam
804 812 891 856 nova

393 905 517 976 Incude
531 903 686 1001 diffingas
701 922 848 978 retusum
863 906 898 976 in

438 1025 640 1115 Massagetas
652 1023 845 1115 Arabasque
859 1020 998 1092 ferrum.
1252 1029 1289 1089 lo

247 1241 287 1311 pis
296 1239 424 1309 perdemus
432 1236 512 1290 devoti
520 1238 646 1305 sanguinis
656 1247 722 1289 ntss.
733 1259 746 1287 n
783 1236 921 1304 -Fgregie
930 1237 1049 1290 bellorum
1058 1239 1165 1290 cirillum
1176 1239 1290 1292 atrocita-

248 1355 283 1363 -
294 1321 491 1396 quidintactum
501 1322 607 1393 nefasti,
621 1322 685 1374 nihil
698 1339 748 1374 non
785 1331 833 1374 tem
849 1331 874 1374 et
890 1321 1077 1374 diuturnitatem
1095 1333 1166 1391 poeta
1182 1324 1289 1376 declarat

249 1408 344 1479 nefasti
356 1407 447 1460 nelarie
467 1408 592 1473 attigimus
606 1407 671 1476 quod
688 1407 748 1460 adeo
783 1419 829 1472 per
847 1419 916 1456 uma
935 1417 1022 1457 remea
1040 1415 1112 1476 atque
1129 1407 1243 1461 hebetata
1261 1410 1288 1462 in

248 1505 344 1559 tangere
356 1491 424 1543 nolas
436 1489 591 1553 emt,l1.res
604 1503 682 1542 sacras
692 1491 747 1541 vic-
782 1488 888 1556 civibus,
907 1507 961 1558 quas
981 1491 1042 1544 adso
1059 1489 1151 1543 risendi
1167 1491 1288 1546 reddenda

244 1578 358 1640 lavimus,
368 1573 506 1644 polluimus.
518 1599 553 1610 -
561 1567 696 1640 dtffingac
707 1589 748 1623 re·
783 1582 841 1623 sunt
848 1609 856 1636 ,
868 1581 896 1624 ut
912 1589 983 1624 usum
1002 1574 1027 1625 in
1045 1574 1110 1626 bello
1122 1576 1209 1650 iterum
1222 1595 1287 1646 prrs-

245 1661 355 1714 cudendc
368 1662 394 1711 in
405 1658 478 1710 aliam
490 1658 591 1710 formam
603 1655 690 1721 lingas,
704 1673 746 1708 re-
782 1665 876 1707 starent
896 1656 1010 1708 advensus
1031 1657 1129 1721 hostes,
1148 1659 1181 1710 de
1197 1661 1287 1729 quihus

247 1744 557 1812 tractes-Massagetas,
572 1740 680 1794 nobilem
691 1741 748 1810 Scy·
782 1755 854 1807 supra
870 1757 908 1796 rr.
924 1751 954 1794 tt
971 1751 997 1794 et
1014 1752 1057 1794 ³³.
1077 1739 1197 1798 Ornetics
1213 1761 1285 1814 quam

248 1827 304 1881 thise
316 1837 425 1894 gentem,
442 1825 543 1877 Parthis
560 1824 744 1875 conterminam.
783 1825 808 1876 in
822 1825 895 1892 hujus
907 1825 965 1877 libri
978 1825 1027 1877 Od.
1041 1839 1066 1894 s,
1076 1846 1100 1879 r.
1112 1840 1155 1880 22.

280 2147 411 2202 Aturus.
430 2147 554 2213 Quantum
568 2161 607 2198 ars
620 2155 646 2196 et
660 2145 785 2212 ingenium
796 2146 877 2213 magni
889 2156 965 2216 postss
976 2144 1003 2197 ln
1014 2145 1124 2215 simplice
1135 2145 1216 2216 aliqua
1227 2161 1285 2198 sen·

246 2237 322 2288 tentia
332 2232 470 2286 exornanda
476 2231 563 2296 valeat,
571 2231 597 2282 id
605 2249 635 2284 en
644 2231 690 2284 hoc
699 2243 725 2284 et
733 2232 792 2284 hnic
799 2233 924 2285 similibus
932 2231 1028 2285 llcrstii
1036 2232 1186 2286 terminibus
1195 2233 1287 2300 optime

247 2319 348 2386 intelligi
359 2329 447 2387 potest.
459 2347 494 2356 -
503 2317 687 2385 conscripserat
701 2316 825 2384 Angustus
836 2319 868 2370 U.
880 2319 910 2371 C.
922 2317 1080 2372 cccxxvt
1096 2319 1157 2370 ducs
1165 2319 1286 2371 exercitos

246 2423 274 2459 eo
289 2405 403 2470 consilio,
420 2413 449 2454 nt
464 2402 568 2454 alterum
581 2402 633 2469 ipse
649 2413 734 2455 contra
748 2404 880 2456 Britannos
896 2405 1011 2470 duceret,
1028 2403 1131 2456 alterum
1146 2404 1207 2456 doce
1218 2402 1286 2464 AElio

192 2491 193 2498 ’
244 2489 319 2542 Gallo
334 2489 360 2539 in
377 2485 494 2538 Arabiam
506 2485 623 2537 mitteret.
640 2485 758 2540 Horatius
775 2489 850 2556 igitur
858 2491 909 2557 jem
928 2506 1010 2558 preces
1025 2489 1051 2540 in
1068 2489 1115 2540 hoo
1123 2487 1230 2538 carmine
1240 2503 1286 2554 pro

245 2573 386 2626 felicissimo
395 2571 522 2639 utriusque
529 2569 693 2638 expeditionis
701 2584 789 2624 eventu
800 2574 920 2640 factumn,
929 2575 1048 2640 vulgarem
1058 2572 1204 2625 sententiam
1214 2591 1221 2621 r
1236 2591 1250 2620 e
1260 2569 1284 2624 0

246 2660 366 2724 Fortuna,
377 2673 444 2709 serra
455 2656 577 2708 Caesascm
592 2673 646 2708 cum
663 2658 771 2710 exercitu
782 2671 867 2711 contra
877 2661 1008 2712 Britannos
1017 2657 1181 2728 profecturum
1187 2696 1195 2723 ,
1208 2669 1234 2711 et
1248 2660 1285 2712 lac

245 2756 272 2797 ut
283 2761 372 2797 armac
383 2743 455 2796 bellis
464 2744 603 2798 domesticis
612 2742 643 2795 ad
651 2743 782 2797 domandas
789 2756 872 2814 gentes
880 2747 999 2800 barbares
1009 2755 1188 2812 convertantur,
1196 2767 1210 2794 o
1222 2745 1285 2798 For-

244 2843 309 2883 tunae
318 2832 451 2901 potentiam
458 2830 601 2884 celebrando
611 2829 644 2882 ita
654 2831 817 2900 amplificavit,
825 2842 853 2883 nt
861 2849 959 2885 carmen
966 2831 1045 2885 exiret
1050 2831 1281 2902 splendidissimum.

244 2948 278 2957 -
289 2917 315 2969 Si
326 2919 383 2987 quis
394 2916 533 2984 cogitaverit
543 2932 617 2986 quam
633 2933 698 2986 saepe
710 2917 769 2969 felix
780 2919 900 2971 bellorum
912 2921 1017 2971 exituss
1034 2919 1149 2971 Fortunae
1164 2918 1244 2970 lavore
1259 2925 1283 2969 et

243 3003 347 3056 arbitrio
359 3002 475 3071 pendeat,
495 3003 532 3066 is,
550 3011 645 3070 poetam
664 3004 691 3054 in
707 3005 875 3058 coacervandis
890 3021 991 3056 summe
1008 3004 1082 3072 hujus
1100 3004 1151 3056 dea
1168 3002 1284 3078 potentie

244 3090 391 3156 imaginibus
399 3097 448 3140 tem
461 3088 563 3139 multum
579 3098 605 3140 ct
615 3090 738 3156 copiosum
752 3089 842 3158 tuisse,
861 3109 911 3144 non
922 3091 983 3142 ndco
994 3089 1133 3141 mirabitur.
1145 3087 1285 3157 -Optime

243 3175 317 3226 totius
332 3175 405 3243 hujus
417 3173 531 3227 carminis
543 3173 615 3225 finem
631 3175 665 3226 ita
680 3175 796 3226 constitui
810 3191 880 3244 posse
896 3185 969 3244 puto,
986 3173 1007 3226 si
1026 3173 1087 3225 illud
1103 3173 1196 3225 dixeris
1209 3173 1284 3242 «lly-

244 3277 327 3312 mnum
347 3261 373 3312 in
393 3261 543 3326 Fortunam,
560 3277 633 3330 quem
650 3259 681 3311 ad
696 3260 770 3327 hujus
788 3259 839 3310 deas
860 3259 981 3324 levorem,
1000 3255 1110 3323 Augusto
1124 3267 1207 3309 contra
1226 3256 1283 3308 Bri-

243 3356 328 3399 uncos
337 3347 475 3415 profecturo
491 3347 668 3400 conciliandum
676 3385 684 3413 ,
697 3348 738 3416 pia
754 3356 835 3398 mente
846 3345 969 3397 cecinerit.
983 3363 996 3391 n
1009 3343 1049 3394 Sic
1066 3343 1182 3410 argutiis,
1192 3341 1282 3410 quibus

240 3443 374 3488 oneramnt
385 3432 431 3487 hoc
441 3451 539 3488 carmen
554 3433 666 3487 nonnulli
679 3434 839 3502 interpretes,
852 3429 922 3484 facile
932 3429 1091 3498 supersedere
1099 3443 1232 3498 possmm.
