2892 4558
250 329 321 404 530
527 329 572 418 Q.
599 329 807 414 nonnrn
833 330 1013 400 resecr

282 465 416 522 mur-s.
435 463 547 533 neem,
563 483 637 535 qoem
657 465 810 518 munimime
824 466 987 533 jurejurando
1002 465 1084 520 datan
1100 466 1150 520 sibi
1168 469 1196 520 in
1213 484 1301 521 amore

247 557 319 612 iidem
330 554 447 608 fefellisse
454 555 575 624 queritur,
585 556 754 608 firmissimum
763 555 839 608 animi
850 557 888 609 sui
897 556 1027 609 eonsilium
1036 557 1167 624 signifiat.
1175 557 1301 610 Jnrenen

245 653 328 696 eutem
342 659 356 694 e
369 641 459 694 Neam
472 659 537 694 nuno
552 642 600 692 sibi
615 642 739 709 prolatum
749 681 756 705 ‚
768 643 878 710 quemvis
891 642 933 694 ille
943 642 1095 704 ditissimus,
1106 629 1263 695 doetissimns
1273 654 1301 695 et

247 729 436 782 formosissimus
447 729 490 791 sit,
502 727 611 782 eamdem
625 737 707 780 temen
722 727 786 796 epod
799 726 912 780 Neoemm
924 727 1051 795 perfidiam
1062 737 1224 796 erpermrnm
1233 743 1298 792 esse,

248 816 275 867 in
294 814 385 868 doloris
399 817 436 867 sni
456 815 567 866 solatium
587 823 739 880 auguratum
759 823 785 866 et
802 814 981 866 sententiarum
997 815 1099 884 quesite
1116 816 1252 884 gravitate,
1269 823 1299 867 et

245 902 379 954 affectuum
397 901 428 952 ad
443 901 524 952 rivum
542 899 615 968 plene
630 899 809 962 delineetorum
826 901 944 953 varietate
961 916 989 952 eo
1006 901 1124 966 veritate,
1141 903 1299 968 meximeque

247 985 449 1039 modulationibus
466 983 576 1036 numeris
593 981 639 1035 lroo
649 999 748 1036 carmen
764 983 873 1038 eroellit.
889 983 1024 1038 Exordium
1043 986 1112 1038 uires
1130 987 1192 1038 artis
1210 995 1250 1036 ert
1269 985 1297 1034 in

246 1069 352 1140 perjurii
364 1071 465 1122 horrore
477 1068 653 1122 edumbrsndo.
667 1067 715 1118 Es.

243 1273 1301 1300 mmmmmmmmmmwtmmw

552 1457 826 1546 GARMEN
856 1455 987 1543 XVI.

475 1671 535 1730 AD
560 1667 786 1730 POPULUM
811 1667 1064 1727 nomtnutt.

245 1835 319 1891 Eum
328 1833 471 1904 hortetur,
482 1845 516 1892 ut
525 1835 650 1890 Romam
662 1830 794 1889 civilibus
803 1831 885 1889 bellis
895 1847 987 1905 usque
997 1838 1161 1888 esurientem
1167 1827 1296 1894 deseret,

489 1933 563 1991 etin
579 1933 739 1991 fortunatas
755 1931 861 1990 insulas
876 1930 1054 2006 commigret
1098 1917 1103 1930 ’

246 2103 395 2172 Anrsnn
408 2101 479 2198 jem
496 2103 617 2172 teritur
633 2099 731 2172 bellis
748 2097 899 2171 civilibus
915 2113 1011 2189 estas,

296 2220 371 2290 Suis
388 2237 422 2291 et
438 2223 511 2316 ipse
527 2225 636 2293 Roma
653 2221 778 2290 viribus
794 2219 873 2290 rnit.

248 2339 357 2428 Quem
376 2363 484 2434 neque
500 2339 635 2410 finitimi
650 2336 826 2408 valuerunt
843 2334 986 2432 perdere
1001 2334 1123 2421 Marsi,

284 2543 309 2584 t.
326 2531 415 2582 Atera
425 2545 502 2588 cetos,
516 2531 538 2582 si
548 2531 676 2582 hominurn
690 2541 750 2582 aete-
785 2547 881 2582 rersnrn
891 2523 1296 2581 risoerndextre.sEn.-virrbns

247 2627 314 2680 tem,
331 2609 426 2683 γενεὰν,
444 2613 475 2664 ed
491 2611 613 2678 vulgarem
631 2611 750 2664 rationem
785 2615 841 2665 suis
853 2614 915 2674 ruit,
930 2609 1164 2682 snpr.Epod.V11‚
1178 2621 1193 2664 e
1205 2629 1211 2658 τ
1223 2629 1237 2656 s
1248 2609 1296 2662 Sed

247 2697 306 2770 (rid.
319 2714 380 2766 qnos
394 2695 477 2748 laudet
486 2691 585 2748 Athen.
601 2698 632 2748 ed
644 2695 749 2766 Hesych.
788 2709 829 2760 nt,
849 2699 982 2750 secundnm
1001 2707 1056 2749 rote
1074 2696 1239 2758 Parthorum,
1253 2711 1296 2747 sna

248 2799 269 2834 s.
280 2798 304 2832 r.
315 2778 400 2851 γενεά,
414 2790 432 2832 t.
446 2782 476 2844 1,
489 2799 514 2850 p.
529 2793 578 2833 tttt
591 2820 599 2846 ,
612 2799 637 2833 n.
655 2781 695 2850 ts)
709 2799 752 2851 pro
787 2781 853 2835 Urbs
865 2784 917 2834 heo
930 2781 1024 2851 periret
1032 2782 1142 2834 dextere.
1156 2781 1296 2846 n-Qunm

248 2863 349 2930 triginta
366 2879 485 2916 annornm
506 2865 584 2932 spntio
605 2864 752 2932 accipimus,
790 2883 883 2938 neque,
891 2875 938 2918 eto.
950 2865 1087 2925 Sententia,
1095 2863 1296 2915 omnibnsdesti-

249 2949 295 3002 hoc
313 2964 410 3000 carmen
431 2958 532 3013 autern,
553 2957 581 2999 ut
602 2947 676 3014 hujus
694 2942 753 2998 libri
791 2941 1295 3016 tutepoeticisornetibns,est:Romamels

249 3031 380 3100 septimum
401 3041 426 3082 et
449 3048 559 3098 nonum,
584 3047 648 3082 anno
668 3029 700 3080 U.
722 3027 751 3082 C.
789 3041 943 3082 externorum
957 3031 1065 3082 hostium
1079 3025 1295 3096 perieulisnoerri-

249 3113 391 3181 DCCXXI,
399 3131 448 3183 quo
460 3125 545 3185 eontra
554 3111 691 3165 Antonium
703 3110 753 3163 bel·
791 3131 829 3166 me
837 3115 971 3176 defensam,
983 3113 1009 3166 in
1019 3129 1140 3164 summum
1152 3110 1295 3178 nosmetipsi

251 3197 301 3249 lum
309 3195 569 3266 pnmretOotnvienus‚
578 3193 695 3262 seriptum
702 3211 755 3247 esse
788 3196 919 3248 discrimen
929 3197 1085 3258 nddnoemus,
1095 3195 1233 3264 perdemus.
1244 3191 1296 3244 Ex·

251 3280 381 3348 ponimns3
396 3278 560 3345 bellnoivilie,
572 3277 629 3328 inde
642 3277 673 3328 ab
688 3293 754 3328 enno
790 3282 868 3349 pende
883 3299 939 3333 vero
955 3297 1028 3350 qnam
1045 3281 1150 3347 graviter
1166 3287 1235 3346 poete
1250 3295 1296 3345 per

252 3361 283 3413 U.
298 3360 329 3414 C.
347 3358 496 3426 DCtttVt,
516 3377 564 3428 quo
585 3358 651 3409 Sulln
671 3367 754 3410 eontra
789 3381 831 3414 sex
844 3381 927 3416 versus
938 3364 1020 3416 omnin
1033 3363 1074 3415 illn
1088 3365 1213 3415 enumeret
1224 3361 1293 3428 peri-

251 3448 360 3501 Merium
379 3445 503 3496 hostiliter
515 3445 696 3501 insurrexerat,
713 3461 755 3494 re-
790 3445 1031 3516 onie,qnibusRome
1040 3445 1197 3514 superfuerit,
1206 3453 1233 3495 ut
1241 3445 1295 3495 nni-

250 3533 402 3602 petitn,jnm
417 3529 593 3598 quinquaginta
611 3538 635 3579 et
647 3527 756 3596 quinque
791 3548 858 3582 mum
876 3533 1055 3600 exspectatione
1074 3545 1234 3598 suspensum,
1250 3543 1295 3578 neo

250 3631 328 3668 annos
354 3614 380 3664 in
409 3612 533 3680 republica
561 3610 698 3662 servierant.
720 3639 755 3650 -
788 3613 838 3684 jam
852 3613 1026 3680 intelligentem
1039 3609 1294 3682 quomodoUrbs,ex

250 3700 322 3769 ipsa,
344 3696 390 3748 hoo
410 3695 512 3746 verbnm
533 3711 588 3744 cum
609 3693 755 3762 procedenti
792 3709 827 3751 tot
838 3708 863 3751 et
877 3698 951 3750 tentis
962 3697 1148 3749 discriminibus
1161 3703 1293 3762 superstes,

226 3851 228 3857 A
249 3783 392 3850 conjungas,
402 3780 457 3850 ipsa
466 3780 530 3838 suis,
542 3796 591 3848 qno
601 3781 696 3847 gravius
709 3798 754 3832 ex·
789 3799 895 3852 unquam
905 3783 986 3850 perire
997 3783 1082 3852 possit,
1094 3780 1192 3833 tandem
1204 3780 1231 3830 in
1242 3779 1294 3830 hese

249 3862 586 3934 primaturllomamriribus,
595 3880 643 3915 non
654 3864 752 3932 alienis,
789 3876 814 3918 et
823 3865 989 3933 indignatione
1001 3875 1026 3916 et
1035 3860 1293 3931 meroreplenarerba

249 3949 292 4001 sed
308 3947 360 4000 suis
376 3945 454 4016 ipsine
465 3947 559 3998 oorfici.
569 3943 639 4013 Quod
653 3948 694 3998 eit
702 3947 753 3998 Lu·
787 3949 888 3999 deducat
900 3965 906 3995 :
919 3956 1014 3999 nosmet
1025 3963 1079 3998 eom
1090 3945 1137 4014 ipsi
1148 3939 1291 4012 perdemus!

245 4047 302 4084 ern.
312 4031 331 4081 Ι.
341 4031 396 4094 l‚v.
409 4041 437 4080 tt:
452 4049 466 4076 «
476 4029 506 4081 ln
524 4047 567 4082 sun
583 4031 676 4085 vietriei
691 4049 750 4084 oon.
788 4031 842 4082 Jem
862 4039 1013 4082 transeamus
1031 4029 1060 4080 ed
1077 4027 1181 4094 singule.
1199 4027 1292 4078 Eo.—
