2994 4558
474 399 563 467 mn.
589 400 655 486 tv,
679 401 831 469 utun.
856 400 921 470 tx.
1154 399 1223 498 437

272 538 381 610 ludex
396 538 572 607 honesturn
588 537 736 634 praetulit
753 535 843 626 utili,
861 555 894 608 et

281 658 409 754 Rejecit
425 655 494 728 ulto
512 655 602 726 dona
620 658 811 726 nocentium

326 774 448 864 Vultu,
465 789 499 844 et
515 799 575 870 per
590 775 761 845 obstantes
777 788 926 844 catervas

377 893 545 989 Explicuit
562 917 621 964 sua
638 895 746 966 victor
763 909 866 962 arma:

280 1013 359 1082 Non
375 1011 600 1106 possidentem
619 1010 723 1082 multu
740 1011 909 1082 vocaveris
1191 1011 1227 1077 tt

181 1241 262 1295 litatis
275 1243 360 1295 habita
371 1245 474 1298 ratione.
486 1245 528 1298 Sic
538 1263 605 1314 supr.
613 1245 649 1312 11,
659 1256 685 1312 s,
721 1245 804 1298 uiriles
817 1245 971 1312 magistratus
980 1244 1092 1310 gessisse,
1103 1243 1229 1312 inquibus

188 1327 214 1379 in
227 1327 277 1379 line
289 1346 295 1378 s
308 1327 439 1394 «Regnum
450 1328 594 1382 etdiudemu
608 1339 687 1383 tutum
719 1326 810 1393 judicis
819 1331 900 1382 ollioio
908 1329 1061 1396 iungeretur.
1069 1328 1227 1380 Consularem

183 1411 302 1464 Deierens
319 1413 363 1464 uni
380 1414 553 1484 propriamque
572 1413 687 1478 laurum,
721 1413 866 1480 dignitatern
879 1429 975 1466 serrare
991 1413 1084 1464 dicitur
1092 1413 1190 1481 quoties
1201 1414 1229 1466 in

183 1492 690 1566 Quisquisingentesoculoirretortnspee
723 1495 1230 1565 judiciislidemueprubitatemsusmex·

185 1587 369 1631 tutaremus.»
389 1579 445 1634 Jem
463 1599 538 1650 quum
552 1581 689 1634 consulatus
724 1579 806 1649 plicat.
817 1579 911 1632 Em-
921 1578 1050 1632 tommo·
1064 1591 1139 1650 pm.
1155 1579 1229 1644 uoti,-

184 1662 268 1715 nome
278 1682 387 1717 summus
396 1667 559 1734 magistratus,
568 1667 637 1736 isque
645 1683 690 1718 en·
723 1663 847 1716 eommode
856 1663 883 1716 in
893 1662 956 1714 ltnne
966 1663 1113 1716 sententium
1129 1661 1230 1716 laudent

185 1763 248 1798 nuus
258 1758 330 1815 esset,
337 1749 524 1818 poetuLollium
533 1751 565 1802 ob
573 1751 689 1802 uirtutem
724 1748 776 1802 Cic.
785 1749 858 1802 Ollio.
869 1747 919 1812 111,
930 1758 961 1799 t:
975 1767 988 1796 u
998 1747 1048 1815 Qui
1058 1758 1139 1801 tutem
1146 1749 1231 1802 omnis

186 1827 268 1895 istum,
277 1846 326 1882 non
336 1831 417 1882 unius
427 1833 494 1895 unni,
501 1833 543 1884 sed
552 1833 626 1884 etiam
637 1843 691 1902 post
726 1832 861 1884 metiuntur
873 1830 1044 1904 emolumentis
1054 1841 1079 1883 et
1088 1832 1230 1898 commodis,

184 1922 277 1979 gestum
294 1912 461 1978 consulatum,
474 1915 553 1967 ndhuo
567 1916 691 1968 consulem
727 1933 844 1985 nequest
855 1915 940 1968 volunt
950 1914 1130 1984 preponderari
1140 1914 1232 1966 hones-

185 2013 238 2050 esse
253 1995 367 2051 dederat.
386 1999 463 2051 Plane
477 2009 505 2050 ut
518 1997 574 2064 ΙΙΙ,
592 2011 625 2064 2,
638 2011 689 2052 to:
728 2011 787 2061 tute,
802 1999 830 2051 iti
841 1997 920 2052 solent
931 1998 957 2050 in
968 1996 1128 2050 deliberando
1141 1995 1233 2048 hones·

188 2080 265 2134 «Neo
282 2083 358 2134 sumit
374 2093 417 2133 aut
432 2083 502 2150 ponit
513 2087 609 2133 secures
621 2083 691 2133 urbi-
729 2095 780 2135 tum
792 2099 847 2136 eunt
861 2099 900 2144 eo,
909 2081 974 2150 quod
985 2079 1046 2132 utile
1056 2089 1152 2148 putent,
1163 2096 1232 2132 oom-

186 2165 365 2234 tr'iopopnluris
373 2181 448 2216 eura.
458 2185 472 2214 o
480 2164 528 2215 En.
538 2163 574 2215 De
584 2163 691 2216 consule
726 2182 812 2239 pur-urs
824 2183 829 2214 :
841 2165 900 2216 boni
913 2163 961 2216 riri
973 2179 1021 2215 non
1033 2163 1120 2214 solent.
1131 2161 1231 2214 Etenim

185 2248 269 2300 antino
289 2247 423 2316 plurimum
449 2245 587 2299 dissensere
607 2247 688 2316 intpp.
726 2268 775 2304 non
792 2249 863 2302 morlo
880 2249 959 2316 pluris
977 2257 1064 2316 putere
1085 2247 1150 2316 quod
1170 2247 1232 2299 urite

185 2331 349 2395 Torrentius,
369 2331 497 2385 Bentleius
513 2341 539 2382 et
553 2331 690 2384 lilitscher-
726 2333 838 2384 rideatur
852 2348 925 2400 quum
943 2330 1009 2400 quod
1027 2329 1173 2396 honestum,
1188 2329 1232 2382 sed

184 2411 275 2466 lisbius
293 2416 358 2467 huno
379 2413 495 2486 loquendi
514 2414 611 2467 modum
631 2431 690 2482 pro·
726 2415 778 2466 lmo
794 2413 868 2466 etiem
884 2415 950 2466 inter
964 2429 990 2464 se
1003 2428 1154 2480 comparere,
1170 2412 1232 2464 etin

187 2497 291 2563 burere,
310 2500 418 2552 dicentes
441 2517 472 2551 ex
497 2501 551 2568 ipso
574 2495 690 2566 explicari
726 2499 766 2551 itis
776 2497 928 2558 addubitare,
940 2495 1109 2565 turpissimum
1119 2506 1232 2548 est.»-

185 2590 263 2648 poettr
278 2585 443 2649 sententium
459 2584 552 2635 scilicet
566 2582 689 2649 Lollium,
725 2583 777 2635 alto
788 2583 877 2640 vultu,
887 2579 957 2632 vultu
967 2579 1082 2648 superbo,
1093 2580 1137 2650 qui
1150 2582 1234 2632 nede-

186 2671 242 2730 post
256 2673 348 2728 gestum
363 2665 620 2731 consulatum,·adhuo
631 2683 690 2717 con-
726 2667 802 2729 llecti,
814 2683 845 2718 ne
857 2664 982 2732 despicere
994 2663 1094 2732 quidem
1105 2662 1230 2732 dignatur,

185 2743 264 2796 sulem
272 2761 382 2796 essenon
391 2744 514 2811 lecto,sed
523 2745 618 2812 anim0;
627 2745 690 2796 mul·
725 2765 779 2818 quse
791 2747 871 2800 oblatu
884 2757 950 2798 sunt.
965 2745 1014 2796 Eu.
1023 2744 1229 2816 -perobrtont

186 2836 259 2896 tuque
271 2844 286 2879 e
298 2824 373 2877 ruriis
389 2823 548 2892 scriptoribus
561 2827 587 2877 in
604 2832 689 2878 ciem·
726 2829 1231 2900 catExplic.suavr'ctorarrrm,enimns,

187 2911 254 2982 plum
275 2910 401 2971 afferunt,
423 2907 560 2976 interque
580 2925 585 2955 :
612 2925 626 2954 s
645 2907 692 2958 iiis
726 2915 769 2982 qui
778 2915 869 2964 virtute
878 2929 932 2978 sua,
944 2921 1058 2982 tanqum
1067 2913 1158 2981 clipeo,
1168 2915 1231 2968 bene

186 2995 317 3066 principiis
328 3002 461 3044 nuscuntur
472 2991 576 3061 tyr-unni,
586 2991 626 3042 his
636 3007 704 3041 cor--
716 2997 851 3057 ,munitum
864 2996 961 3048 fortiter
973 3014 1000 3048 se
1009 2997 1113 3065 opponit
1122 2998 1232 3064 turpiru.

187 3067 261 3148 nisse
272 3077 383 3129 mantus.
394 3095 407 3123 u
417 3073 486 3125 Plio.
497 3072 530 3124 ΙΙ.
542 3071 576 3124 N.
584 3072 648 3134 Vll,
658 3085 672 3124 'l
684 3091 690 3123 ἓ
728 3079 798 3146 dini,
814 3080 921 3132 sutritcr
937 3080 1009 3144 fortis
1021 3079 1122 3142 militis,
1140 3081 1164 3131 ri
1182 3081 1232 3136 sibi

189 3181 202 3212 o
213 3163 247 3214 Ut
256 3162 299 3214 tile
315 3159 472 3232 proscriptor
490 3159 608 3216 antinus,
622 3157 694 3210 modo
729 3162 793 3212 riam
806 3179 851 3230 per
858 3161 983 3213 obstantes
994 3171 1101 3213 ceter-rus
1111 3160 1231 3230 incientis,

187 3252 212 3299 et
224 3243 370 3298 contumelio
385 3239 693 3310 transmutarentur),
729 3264 806 3308 more,
818 3247 900 3299 omnis
913 3263 967 3314 qum
983 3246 1036 3312 ejus
1052 3245 1167 3300 virtutem
1183 3246 1232 3300 im-

189 3347 236 3383 non
246 3329 313 3381 uliud
331 3329 443 3380 incensu
460 3327 535 3392 nugis
551 3343 581 3378 ex
594 3326 693 3380 lurtum
728 3339 845 3398 pugnent,
853 3331 951 3381 vincere
959 3327 1059 3380 dicitur.

188 3431 231 3467 suu
248 3415 354 3468 timeret.
368 3435 381 3462 r
401 3413 440 3464 ld.
460 3411 522 3463 ibid.
541 3421 583 3463 ts.
601 3409 693 3465 Omnis
765 3423 808 3466 ts.
828 3411 902 3464 Lollii
916 3411 1101 3478 temperantiam
1116 3411 1232 3464 laudatu-

188 3495 693 3564 uutemsBentleiocollectueremplulere
729 3511 771 3546 rus
788 3505 858 3565 poeto
880 3496 906 3546 in
926 3492 1063 3560 generalem
1084 3497 1231 3548 sententium

188 3579 319 3632 minimest
333 3579 404 3632 solito
418 3579 548 3646 figurarum
558 3597 604 3631 usu
613 3579 690 3632 disoe-
727 3581 860 3632 orationem
872 3577 990 3644 inllectit3
1006 3595 1060 3646 quae
1074 3577 1146 3646 pinno
1156 3579 1231 3649 lyrico

187 3665 246 3718 dere
258 3665 320 3718 mihi
329 3665 444 3717 ridentur
452 3657 530 3730 pdurn
544 3675 628 3717 contra
642 3680 692 3716 non
728 3663 791 3714 ratio
814 3671 869 3722 est,
892 3659 999 3712 Pindaro
1022 3661 1229 3730 frequentissime.

188 3756 290 3816 possum·
301 3766 349 3802 non
364 3749 466 3816 alicujus
475 3748 576 3800 duritiei
588 3765 690 3816 urguere
724 3745 841 3812 Vulmris
848 3742 1001 3797 continuatio
1008 3754 1074 3795 erut:
1084 3743 1128 3795 Est
1134 3746 1232 3798 enimus

187 3833 252 3884 lttno
262 3828 442 3899 metaphoram,
452 3849 501 3900 qus
513 3834 615 3884 anunm
626 3851 689 3885 oon-
725 3829 772 3880 tibi
782 3837 847 3880 sorte
858 3843 901 3879 sue
912 3826 1075 3896 qualicunque
1086 3837 1229 3894 oontentus3

189 3916 234 3966 stri
249 3931 302 3965 esre
315 3913 415 3980 dicitur,
428 3924 456 3965 et
466 3917 570 3968 menime
581 3918 690 3988 rejicere
725 3912 767 3964 sed
779 3913 868 3964 iterum
874 3911 1013 3964 deflectitur
1020 3911 1098 3963 oratio
1108 3911 1139 3962 ud
1149 3915 1231 3980 expri-

186 3997 690 4062 &mordeamus-rudentum
726 3995 1229 4062 mendsmStoieaevirtutisimaginemlin.

186 4083 266 4150 liquet
274 4080 391 4142 lollium,
402 4079 621 4148 postconsulatum,
630 4082 691 4133 ulios
727 4111 760 4120 -
767 4083 827 4132 Non
836 4077 1003 4150 possidontem
1013 4081 1102 4140 multo,
1112 4093 1158 4134 etc.
1166 4081 1226 4135 Vid.

1031 4171 1086 4241 28⁸
