2986 4554
480 367 571 434 nte.
598 367 662 454 ιν,
688 365 838 434 cern.
865 368 945 435 xv.
1164 370 1233 466 4⁶7

342 503 562 597 Trujemque,
580 517 614 573 et
629 502 813 590 Anchisen,
832 517 866 572 et
881 501 975 572 alrnae

392 620 591 716 Progeniem
605 621 745 691 Veneris
760 641 925 690 canemus.
1002 616 1005 622 ’
1051 685 1054 692 .

199 839 344 906 Originibus
358 839 443 892 refert.
456 867 491 878 -
502 837 580 906 Lyde
595 841 699 894 remixto
733 838 898 908 exprimendas
917 838 1022 891 adhibiti
1042 839 1117 891 luisse
1134 841 1237 894 tratuu-
1329 865 1331 870 ·

200 925 313 976 emmim
322 921 397 988 utini,
408 923 434 973 b.
447 937 470 974 e.
483 921 656 974 earmineeutn
668 921 699 972 ti-
736 921 850 988 tur3vid.
862 922 974 991 interpr.
989 922 1020 973 ud
1035 923 1062 973 h.
1080 923 1098 974 l.
1114 951 1151 962 -·
1165 923 1240 976 alnroe

200 1006 296 1057 blavum
307 1043 314 1068 ,
325 1014 350 1056 et
361 1003 444 1056 modos
459 1003 548 1073 Lydios
558 1003 699 1066 evlentinro,
736 1005 848 1076 Progen.
861 1005 979 1064 Veneris,
988 1007 1096 1076 adeoque
1105 1003 1240 1074 Augustum

199 1099 273 1140 uentu
295 1087 397 1140 invioem
421 1103 448 1139 se
468 1087 613 1156 excipiente.
640 1087 701 1140 Noti
736 1107 841 1160 quoque,
850 1091 1242 1160 quemperadoptionemiugen·

201 1172 264 1239 apnd
272 1180 364 1224 veteres
374 1172 400 1223 in
409 1182 462 1224 erte
471 1172 561 1224 musice
569 1169 699 1222 suntmod.
738 1172 908 1234 tentationi,
926 1172 958 1224 ab
975 1169 1082 1226 Ascanio
1098 1173 1241 1240 deductum,

200 1253 280 1312 Dorir',
291 1254 367 1312 Iunii
379 1251 463 1320 Lydii,
477 1253 565 1311 AEolr'r',
578 1250 701 1321 Phrygii}-
738 1253 972 1306 transiisseconstet.
981 1254 1125 1307 lnlreerrn.
1133 1273 1187 1308 see.
1195 1265 1238 1309 uu:

203 1337 328 1406 inquibus
336 1335 702 1404 mudiLydti'lntitieinprimis
738 1321 1242 1409 ‹ClarusAncbisaeVenerisqnesunguis.·

236 1667 368 1721 Avisvsu.
390 1665 542 1718 Felicitatem
552 1663 662 1718 llomsuo
673 1667 776 1734 inperio
787 1681 830 1735 per
839 1666 943 1732 Augusti
951 1667 1064 1718 victorias
1074 1677 1169 1736 purtem
1179 1669 1244 1724 uele-

201 1755 315 1808 braturns
326 1753 434 1805 suaviter
445 1762 514 1820 poeta
526 1752 604 1819 lingit,
616 1769 642 1804 se
656 1753 761 1820 primum
772 1753 871 1822 quidem
882 1751 986 1819 Augusti
999 1754 1090 1821 preliis
1102 1765 1126 1806 et
1135 1755 1244 1810 victoriis

201 1839 317 1892 eeuendis
328 1839 537 1906 neerevoluisee‚
546 1839 605 1906 sed,
618 1848 745 1907 postquam
754 1839 787 1890 eb
798 1838 914 1906 Apolline
926 1837 958 1891 ‹le
968 1839 1014 1891 boc
1026 1841 1157 1892 temerario
1166 1853 1244 1910 poetas

202 1927 284 1978 tennis
299 1941 360 1977 ausu
377 1924 484 1977 monitus
501 1923 592 1989 luerit,
606 1940 633 1974 se
647 1923 825 2003 indepaversum
839 1923 869 1975 ad
885 1924 948 1974 buna
964 1923 1060 1991 potins,
1073 1925 1163 1992 quibus
1178 1943 1247 1978 nune

203 2011 317 2076 Rotnani,
330 2009 399 2062 vietis
411 2009 443 2060 eb
453 2007 562 2074 Angusto
572 2008 680 2060 externis
692 2007 803 2076 populis,
813 2008 936 2074 fruantur,
948 2007 1079 2060 advertisne
1088 2007 1244 2062 animum.-

203 2095 278 2150 canit
286 2095 369 2162 igitur,
382 2093 471 2161 templo
480 2092 537 2144 lani
550 2109 615 2144 nune
625 2092 716 2159 clauso,
728 2103 810 2160 pacate
821 2109 873 2143 esse
884 2091 982 2158 omnie3
992 2108 1046 2142 eura
1056 2093 1122 2144 cultu
1131 2109 1242 2160 agrorum

203 2183 306 2235 rediisse
323 2180 475 2232 fertilitatem
494 2188 521 2231 et
538 2195 620 2230 rerum
638 2177 829 2244 abundantiam,
849 2177 1001 2247 pristinoque
1019 2176 1112 2244 legibus
1132 2182 1244 2234 restituto
1345 2191 1347 2198 '

97 2287 103 2296 ·
203 2269 296 2323 honore
310 2267 391 2334 vigere
409 2267 499 2318 iteruin
518 2263 619 2333 eupisee
636 2274 739 2316 veterem
759 2264 826 2316 illam
842 2263 1012 2331 disciplinam,
1023 2277 1072 2332 qna
1083 2264 1181 2334 imperii
1192 2267 1245 2320 llo-

203 2355 269 2408 rnitni
281 2354 406 2421 majestas,
417 2353 481 2404 lame
492 2362 518 2403 et
529 2368 617 2406 novuen
631 2367 676 2420 per
688 2359 765 2402 toturn
778 2361 897 2401 terrarum
909 2349 993 2402 orbem
1003 2349 1105 2401 dilatum
1116 2361 1142 2402 et
1152 2369 1244 2424 propa-

201 2449 283 2506 gatum
299 2440 347 2506 vit;
360 2456 405 2491 nec
413 2437 516 2490 dubium
527 2453 592 2498 esse,
600 2435 675 2504 quin,
685 2433 795 2500 Augusto
806 2433 1011 2496 emmenrode,
1021 2433 1087 2486 domi
1098 2435 1206 2506 lorisque
1217 2440 1244 2491 in

204 2534 326 2594 posterum
337 2523 400 2575 bella
408 2537 543 2591 compressa
555 2531 581 2573 et
589 2513 683 2590 sepulta
690 2521 799 2588 iuuenum
812 2519 915 2588 proinde
924 2516 1060 2585 Augustum
1071 2519 1171 2587 dignum
1180 2540 1243 2590 esse,

202 2626 275 2678 quem
284 2609 388 2678 quisque
397 2625 451 2660 cum
461 2625 536 2660 uxore
546 2625 589 2660 sua
599 2618 625 2660 et
635 2606 721 2660 liberis
733 2617 761 2658 ut
770 2608 844 2659 deum
849 2603 982 2658 tutelarem
993 2606 1033 2672 pie
1042 2605 1113 2668 uolat,
1124 2617 1150 2658 et
1157 2613 1243 2679 quovis

204 2695 245 2746 die
258 2703 306 2743 um
319 2692 477 2746 libationibus
488 2710 561 2762 quam
572 2694 669 2761 hymnis
685 2694 733 2744 rite
745 2701 883 2744 veneretur.
892 2719 928 2729 —
937 2689 1085 2758 Compnrent
1099 2692 1190 2746 tirones
1198 2697 1245 2750 lnue

203 2796 300 2836 eerrnen
311 2795 365 2832 eunt
381 2779 455 2846 bujus
464 2778 524 2830 libri
539 2779 647 2830 carmine
663 2780 767 2848 quinto,
784 2787 809 2830 et
825 2787 902 2845 poeto
918 2777 944 2828 in
961 2777 1044 2829 endem
1061 2778 1113 2830 iero
1123 2784 1244 2834 sententie

204 2874 348 2936 pertractate
366 2864 490 2930 ingenium
506 2873 531 2914 et
543 2863 679 2914 ubertatem
692 2873 843 2928 cognoscant.
852 2891 887 2900 -
896 2861 989 2928 Regnat
1000 2864 1100 2915 omnino
1111 2882 1153 2932 per
1166 2875 1242 2919 totum

202 2967 301 3006 uermen
314 2949 420 3001 sedatior
434 2947 550 3016 spiritus,
565 2947 697 3016 composita
712 2945 830 3013 gravitas,
848 2943 975 3016 equabilis
993 2949 1169 3002 murinarum
1183 2969 1243 3019 pro-

204 3037 309 3106 gressi03
324 3035 416 3089 suuedit
429 3034 508 3086 oratio
521 3043 600 3086 comte
616 3049 645 3084 ue
656 3033 742 3086 deeurn
758 3033 845 3098 magis,
858 3049 930 3102 quens
942 3033 1019 3086 nimiu
1029 3031 1120 3098 fulgore
1128 3049 1242 3090 sensuum

205 3124 254 3177 vinu
263 3124 396 3188 hebetans3
407 3137 462 3191 que
467 3119 567 3189 quidem
575 3129 690 3189 qnantum
700 3119 731 3170 ad
739 3119 853 3170 carminis
862 3129 1029 3185 argumentum
1038 3117 1085 3167 rim
1094 3118 1208 3192 habeant,
1216 3123 1242 3178 in

207 3217 303 3276 promtu
320 3215 357 3260 est
373 3205 575 3258 animadvertere.
590 3201 789 3255 Eri-Ceterum
799 3205 845 3256 boc
852 3220 949 3256 carmen
959 3201 991 3253 U.
1006 3200 1036 3254 C.
1048 3199 1242 3274 mcxxxiv,

205 3293 322 3362 scripturn
332 3309 394 3356 esse,
404 3308 435 3344 en
444 3307 516 3344 versu
526 3300 552 3354 ⁹,
562 3287 642 3356 colligi
652 3296 741 3356 potest,
751 3287 795 3340 ubi
804 3289 853 3339 vid.
867 3297 918 3340 not.
