2894 4558
413 353 621 425 CARMEN
647 352 932 426 SAECULARE.
1128 351 1195 428 555

274 494 436 585 Phoebus,
452 510 672 589 acceptusque
688 517 811 565 novem
827 495 1001 584 Camenis,

271 611 341 699 Qui
359 609 497 682 salutari
514 609 603 681 levat
618 627 690 681 arte
707 611 811 682 fessos

513 729 675 822 Corporis
693 743 801 818 aruis,

272 845 307 914 Si
322 843 488 916 Palatinas
504 845 596 916 videt
612 871 723 942 aequus
739 871 849 937 arces,

272 967 422 1059 Remque
438 967 624 1039 Romanam
641 967 841 1060 Latiumque
856 961 935 1036 felix

272 1079 425 1152 Alterum
439 1085 476 1153 in
491 1082 632 1156 lustrum
647 1083 832 1180 meliusque
848 1107 979 1178 semper

516 1203 683 1299 Proroget
700 1227 817 1273 aevum.

154 1399 252 1447 vtae.
275 1377 423 1472 Quaeque
439 1376 643 1448 Aventinum
660 1391 753 1446 tenet
766 1372 1008 1474 Algidumque,

273 1493 477 1583 Quindecim
494 1496 605 1564 Diana
621 1518 737 1588 preces
755 1494 904 1564 virorum
1162 1511 1198 1565 7⁰

276 1615 397 1702 Curet,
414 1628 448 1682 et
463 1614 549 1682 votis
567 1637 752 1708 puerorum
769 1614 892 1686 amicas

519 1729 676 1826 Adplicet
693 1755 800 1801 aures.

155 1929 263 1977 ouon.
283 1909 362 1977 Haec
377 1910 493 1979 lovem
509 1911 651 2000 sentire,
668 1912 825 2004 Deosque
840 1924 995 1999 cunctos,
1036 1943 1042 1952 ·

154 2129 261 2199 Ausul,
271 2127 397 2200 Apollinis
406 2131 491 2186 landes
501 2142 528 2186 et
540 2132 658 2198 sinaites,
692 2133 861 2206 hnismqrm
871 2133 902 2187 sd
914 2133 985 2186 illam
996 2147 1093 2186 versam
1103 2131 1197 2186 Ennii:

156 2223 184 2268 ut
196 2215 222 2268 in
234 2215 332 2284 hymnis
341 2216 395 2270 lieri
406 2217 478 2281 solet,
489 2217 658 2283 aemulantum
695 2237 710 2268 s
720 2217 770 2284 Qui
783 2235 835 2272 reor
846 2217 980 2270 &mnam
994 2215 1141 2286 Latiumque
1151 2233 1199 2268 au·

154 2298 268 2352 undam
277 2299 352 2366 igtur
362 2299 405 2354 ilie
418 2302 525 2369 primun
538 2311 568 2356 ut
575 2311 659 2366 vates,
692 2317 789 2369 gessere
800 2301 1080 2372 nuttios-prorogare
1086 2301 1138 2368 jan
1147 2309 1200 2352 ost:

154 2382 252 2450 poste,
265 2383 355 2440 deinde
365 2396 395 2440 ut
407 2388 560 2450 mitaneas,
571 2385 660 2458 ypost-
694 2400 839 2459 propeque,
855 2385 977 2454 prolerre,
991 2383 1134 2446 ostendere,
1145 2399 1201 2436 ser·

156 2461 234 2532 wita,
245 2465 415 2538 ἀργυρότοξος,
428 2479 480 2524 tan
491 2480 520 2523 nt
531 2470 660 2524 Musarum
695 2485 767 2530 vam
779 2467 815 2520 sic
823 2469 904 2523 viam
914 2465 1056 2522 Annuus
1061 2477 1202 2535 prorogans

156 2553 588 2625 pratos‚p0ossqirm‚dcniqne‘ut
600 2555 662 2608 deos
695 2550 761 2604 dixit
781 2551 864 2604 Plaut.
886 2550 1002 2606 Pseudol.
1021 2549 1080 2612 111,
1100 2559 1135 2616 ¹,
1157 2557 1199 2602 at.

155 2631 269 2688 motois
284 2636 335 2688 sive
346 2638 407 2690 artis
420 2640 534 2694 medendi
551 2641 660 2709 peritus,
733 2643 777 2688 tta.
787 2634 894 2690 Cautum
904 2634 994 2704 repetit
1001 2633 1137 2704 puellarum
1146 2633 1203 2686 cbo

157 2714 252 2786 iaspis3
269 2717 367 2770 easdem
383 2717 507 2787 Apollinis
519 2721 604 2776 landen
622 2741 662 2776 rn-
696 2717 1004 2788 run-QuaqueAvanc
1013 2727 1061 2770 cte.
1070 2716 1104 2768 Et
1113 2716 1202 2783 Diana,

156 2811 240 2856 censet
255 2801 377 2856 Pindarus
394 2804 469 2872 Pyu.
482 2804 518 2872 V,
540 2815 573 2858 80
591 2823 659 2875 seqq.
695 2817 751 2868 qu·
773 2799 800 2852 in
824 2809 906 2854 monte
924 2798 1049 2854 Aventino
1065 2799 1204 2869 Algidoque

154 2885 206 2952 jam
222 2903 237 2942 a
254 2885 357 2938 Miuch.
378 2882 406 2938 in
422 2884 535 2940 Analect.
555 2903 582 2955 p.
601 2898 661 2952 m,
697 2883 795 2946 ooiimr,
803 2883 826 2936 si
836 2883 1066 2952 propitiaestgonti
1077 2883 1203 2946 nonnus,
1311 2897 1313 2905 ¹

156 2967 485 3022 tamnen-&Palatua
493 2966 664 3040 vsilctoequus
698 2966 948 3038 quindecimvirorum
968 2983 1052 3036 preces
1072 2967 1203 3034 respiciat,

156 3061 293 3120 utreqcto.
304 3051 426 3124 Equidem
435 3051 589 3106 huniscum
598 3070 665 3106 nuno
698 3062 747 3105 etc.
757 3051 920 3104 -Avenuie
932 3051 964 3104 dc
977 3050 1062 3104 Dianas
1075 3048 1166 3118 templo
1177 3049 1204 3101 in

158 3135 192 3186 ita
209 3133 379 3204 explicandum
397 3145 474 3204 puto:
493 3137 521 3189 Si
539 3137 608 3190 mitis
621 3136 665 3191 ille
698 3134 824 3190 Aventino
835 3136 885 3190 rid.
897 3136 991 3190 Mutat.
1002 3133 1072 3186 Rosa.
1087 3134 1145 3196 111,
1160 3145 1201 3188 ta.

157 3236 241 3286 preces
249 3257 258 3282 ,
267 3235 322 3290 que
334 3237 400 3272 nunc
415 3221 441 3272 in
456 3230 539 3274 monte
549 3221 664 3278 Palatino
699 3219 932 3294 Algidumque,
944 3221 972 3272 in
985 3219 1031 3272 hoc
1042 3227 1126 3272 monte
1137 3218 1205 3271 enim

157 3303 304 3367 funduntur,
315 3303 401 3372 audit,
420 3321 473 3356 rem
492 3305 626 3360 Romanam
639 3316 665 3358 et
699 3323 775 3376 prope
790 3303 893 3358 Romam
910 3303 942 3356 ad
953 3301 1018 3354 siam
1028 3299 1135 3372 Appium
1147 3319 1205 3354 rer-

158 3387 394 3455 Latiumieli1‚h.
413 3407 436 3442 e.
454 3389 595 3460 reipublice
611 3391 664 3444 tto-
699 3389 749 3440 sari
769 3386 883 3456 inprimis
905 3385 1000 3439 solebat
1014 3384 1110 3448 Diana,
1124 3383 1158 3436 ci.
1172 3385 1204 3448 1,

159 3486 236 3521 mane
246 3479 271 3520 et
281 3471 346 3523 Latii
360 3471 503 3524 felicitatem
517 3471 544 3524 in
559 3473 664 3525 lustrum
701 3482 744 3534 at,
754 3482 786 3537 a,
799 3470 879 3534 unde,
895 3485 964 3521 sacra
978 3466 1003 3521 ei
1016 3466 1052 3519 ibi
1067 3466 1128 3518 iacta
1141 3483 1204 3533 esse,

159 3553 264 3607 alterum
281 3563 307 3605 et
324 3553 351 3605 in
368 3573 446 3609 erum
464 3573 562 3626 semper
576 3557 665 3610 melius
700 3566 786 3624 sponte
796 3547 1203 3626 intelligitur-quindecimvir.

159 3645 274 3706 propaget
295 3645 322 3687 ot
340 3639 464 3692 extendm.
480 3667 517 3678 -
529 3637 666 3691 Palatinas
698 3655 769 3709 proc.
778 3635 979 3708 quindecimviris
991 3635 1067 3696 eninr,
1080 3631 1124 3702 qui
1135 3631 1206 3684 libris

160 3735 246 3782 arcer,
265 3719 348 3771 innuit
363 3721 496 3790 tenplum,
510 3721 623 3794 Apollini
633 3724 666 3776 ab
701 3719 828 3790 Sibyllinis
840 3729 970 3790 preerant,
980 3715 1111 3786 singularis
1123 3733 1205 3769 saero-

160 3799 270 3870 Augusto
282 3803 308 3856 in
325 3814 408 3856 monte
422 3805 535 3861 Palatino
553 3805 666 3878 splendi-
702 3821 757 3858 rum
771 3803 922 3858 semiariani
935 3802 1079 3856 demandata
1090 3799 1139 3854 luit
1148 3817 1207 3853 cura

158 3883 259 3938 dissime
268 3895 427 3954 exstructum,
435 3890 487 3942 vid.
499 3891 548 3946 Dio
558 3891 631 3954 ΗΠ,
640 3901 666 3956 t,
701 3899 728 3942 et
737 3887 927 3946 administratio.

161 3969 205 4022 ubi
222 3970 269 4022 hoo
285 3969 366 4038 ipsum
383 3987 481 4026 armen
497 3976 612 4029 seculare
621 3975 666 4028 de-
740 3985 782 4028 ta.
799 3972 855 4026 lam
866 3973 992 4025 decantato
1003 3970 1126 4030 carmine,
1136 3977 1206 4021 nter-

161 4063 284 4106 motatum
301 4064 347 4106 est.
357 4083 391 4096 -
401 4056 515 4128 flensque
527 4057 666 4112 Rornanam
702 4075 751 4129 quc
763 4059 850 4110 choros
867 4056 933 4108 csnit
951 4054 1088 4124 epilogum,
1102 4061 1127 4104 et
1139 4068 1206 4121 spem
