2994 4558
501 341 954 431 numeramur.
1184 333 1256 422 445

313 489 407 558 Voce
421 507 506 579 quos
523 481 663 553 reddas:
682 481 876 550 minuentur
891 492 971 548 atrae
1219 475 1257 535 85

601 597 760 670 Carmine
776 621 874 668 curae.

216 843 297 898 neque
306 827 338 878 ah
348 825 526 878 haediauedere
536 825 572 877 iae
583 833 621 876 eet
631 840 638 872 z
650 819 720 891 Gya·
755 821 787 873 ad
797 819 875 891 lyram
886 818 932 870 tibi
943 817 1044 886 praeibo,
1053 817 1146 883 undet,
1157 827 1186 870 ut
1199 836 1256 874 eue-

217 911 270 962 thia
280 910 358 980 prima
371 909 435 973 fuit,
447 908 556 979 Cynthia
566 907 623 959 tinia
634 904 692 958 erit.
705 925 719 954 a
755 905 812 958 dem
828 901 1002 956 amabilitate
1021 899 1255 956 decantem-md-

216 990 410 1052 —aluiaraleho,
419 975 721 1058 illusamoremexpetam,
755 983 816 1038 deta
827 982 926 1042 modae,
945 983 979 1035 cl.
993 999 1060 1050 supr.
1072 981 1161 1051 ale,
1174 996 1200 1053 t,
1211 997 1255 1040 aa.

218 1086 276 1129 nota
282 1075 397 1146 loquendi
409 1077 504 1128 ratione
512 1076 548 1128 rie
558 1090 626 1141 aupr.
637 1071 687 1124 Od.
698 1069 721 1135 1,
758 1071 1026 1122 -mazuenmrarroe
1037 1064 1155 1120 camtoe
1168 1085 1241 1122 euroe
1248 1089 1259 1136 ,·

219 1171 252 1226 a,
271 1172 320 1216 aa:
342 1178 416 1230 «quo
434 1159 497 1212 calet
516 1157 632 1226 juventur
650 1154 725 1208 Nune
759 1153 790 1206 ad
806 1151 988 1219 remcdpurn.
1001 1148 1056 1212 xl,
1071 1161 1119 1204 aa:
1136 1150 1260 1219 «Canter,

219 1237 725 1298 omnia.uEu.-aondieeemod.aaemnde
760 1232 1261 1305 amatquodquiuqu021evantetearnina

221 1327 361 1403 Voaequur
368 1327 469 1389 reddas,
477 1328 535 1380 reni
545 1336 570 1380 et
578 1325 653 1385 disee,
665 1339 725 1392 quet
761 1335 840 1372 cuma.
850 1338 865 1367 a
874 1316 923 1368 En.

629 1511 837 1532 w

256 1674 388 1731 Armua.
405 1677 543 1749 Phyllidem
555 1681 587 1732 ad
595 1679 662 1734 diem
673 1681 760 1732 lentum
773 1682 798 1732 in
809 1679 882 1732 domo
894 1693 938 1730 aaa
950 1686 1000 1728 tam
1011 1676 1085 1730 eaeria
1093 1658 1183 1748 epulie,
1191 1696 1265 1750 quam

222 1761 296 1814 hilari
307 1765 447 1838 potatique,
457 1783 538 1820 aecum
549 1767 711 1836 peragendum
725 1768 823 1820 inritat.
836 1764 897 1832 Qua
909 1763 1009 1833 quidem
1022 1773 1089 1815 uteo
1101 1767 1176 1832 magia
1187 1767 1265 1822 locum

222 1848 343 1919 relinquat
353 1853 405 1919 ejus
414 1853 542 1921 precibus,
556 1854 661 1922 primum
676 1855 725 1920 jam
743 1862 828 1922 parata
838 1861 864 1903 et
874 1851 990 1902 adornata
1001 1867 1054 1901 este
1063 1851 1127 1918 apud
1137 1855 1266 1920 momuia,

223 1950 277 2006 qua
283 1937 349 2004 jueta
357 1939 408 1990 diei
419 1939 474 1990 leeti
484 1939 742 2014 requirateelebratio,
751 1947 864 2000 enarrat;
877 1935 977 1997 deiude,
989 1951 1020 1985 ue
1029 1934 1124 2004 Phyllis
1133 1937 1167 1988 eit
1175 1940 1266 2004 nescia,

222 2019 321 2090 quantis
339 2021 433 2074 latitiie
451 2023 591 2084 advocetur,
608 2040 634 2074 aa
651 2022 794 2074 lllrecenatie
809 2020 876 2072 diem
890 2017 1012 2083 natalem,
1024 2020 1124 2086 proprio
1136 2037 1205 2088 praue
1217 2024 1266 2076 eibi

224 2107 378 2172 auctiorem,
388 2107 512 2160 celebrare
521 2108 583 2159 velle
593 2108 671 2176 palam
681 2107 755 2173 laeit;
770 2117 835 2169 tum,
847 2123 880 2158 ue
888 2103 995 2172 Telephi
1008 2104 1070 2156 lorte
1080 2120 1162 2156 amore
1172 2123 1199 2159 ee
1208 2111 1269 2160 rati·

224 2194 279 2256 aeri
289 2195 397 2261 patiatur
404 2194 436 2245 ab
447 2193 493 2246 hoe
503 2192 559 2247 loeto
566 2193 687 2256 mulleio,
698 2193 777 2258 illum,
785 2209 858 2263 quem
868 2190 951 2256 atulte,
960 2199 989 2240 ut
996 2199 1062 2242 ωηο
1071 2190 1120 2241 eibi
1131 2191 1265 2260 disparem,

223 2288 303 2348 petat,
313 2279 412 2334 ditiori·
427 2279 513 2348 puella
531 2281 655 2332 amoribua
671 2297 736 2333 nunc
748 2280 858 2332 vinetum
875 2276 1066 2341 teuari,douat;
1085 2275 1205 2348 denique,
1218 2297 1268 2350 quo

224 2368 289 2420 nihil
299 2369 482 2438 admpieudum
491 2369 614 2439 Phyllidis
626 2369 735 2422 animum
745 2369 842 2435 gravius
850 2367 939 2418 addere
950 2373 1057 2436 poterat,
1073 2381 1101 2417 te
1116 2367 1142 2417 iu
1154 2367 1205 2420 nolo
1215 2370 1269 2438 ejua

225 2469 307 2506 amora
322 2472 387 2508 nuue
398 2457 549 2525 acquiaaeere
560 2455 681 2508 adlirmal.
693 2483 728 2494 -
736 2455 888 2524 Phyllidem,
898 2468 972 2522 quam
985 2452 1031 2503 auh
1043 2452 1092 2503 line
1100 2451 1217 2507 cirmini·
1225 2473 1268 2508 m-

226 2539 300 2590 neudi
310 2543 412 2607 peritam
424 2542 491 2608 lacit,
501 2541 636 2610 psaltriam,
647 2541 756 2610 adeoque
767 2557 816 2593 uon
831 2537 980 2592 houeetiorie
993 2537 1142 2591 conditionis
1151 2540 1267 2610 puellam,

226 2622 317 2688 iuine,
329 2639 401 2693 quam
410 2625 492 2693 qualia
502 2624 570 2692 hyde
579 2627 728 2679 describitur
742 2641 810 2694 supr.
822 2625 859 2692 ΙΙ,
872 2636 914 2691 ta,
926 2633 955 2676 at
971 2639 1039 2692 seqq.
1051 2622 1085 2675 el.
1096 2623 1148 2689 ΙΙΙ,
1160 2633 1203 2692 tt,
1215 2637 1246 2680 al
1258 2645 1266 2694 ;

227 2706 283 2769 ΙΙΙ,
293 2717 337 2773 ιε,
346 2708 388 2758 rix
401 2708 511 2760 dubitari
522 2719 608 2776 potent.
621 2710 670 2761 Sed
679 2711 724 2778 qui
734 2709 837 2774 statuit,
846 2725 894 2760 uon
907 2709 1006 2777 proprie
1014 2706 1137 2777 Phyllidi,
1149 2709 1192 2760 aed
1202 2709 1268 2764 Mae-

227 2793 324 2856 cenati,
337 2802 364 2844 ut
374 2793 399 2843 ei
410 2793 477 2844 diam
493 2794 599 2844 natalem
614 2795 784 2860 gratudaretur,
801 2795 848 2846 hoe
863 2809 960 2845 mrmeu
974 2795 1067 2848 dimeee
1082 2791 1229 2862 Horatium,
1245 2807 1270 2850 el

226 2878 340 2951 proinde,
347 2894 402 2947 quae
412 2879 442 2930 ad
451 2887 569 2929 summam
578 2877 689 2931 letitiam
698 2879 882 2946 exprimendam
892 2887 1012 2947 spectant,
1021 2880 1147 2946 ingeniose
1154 2881 1268 2950 anxiae,

227 2967 388 3036 proleelaea,
400 2980 455 3033 quae
471 2963 601 3014 tribuenda
616 2973 674 3015 aaut
689 2973 765 3032 poeta
781 2964 892 3031 iugenio,
905 2964 971 3017 haud
982 2965 1075 3018 tribuet
1084 2967 1137 3032 ejus
1149 2968 1267 3021 moribus.

229 3052 389 3119 ..Magnam
404 3050 450 3102 hoe
464 3063 562 3102 carmen
573 3050 687 3102 virtutem
698 3050 797 3104 habeta
809 3051 1136 3119 rraeutioniartmplieiuu,
1147 3055 1269 3110 naturali-

227 3157 286 3212 que,
293 3153 367 3209 quam
375 3137 494 3190 oratiouia
502 3137 568 3189 haud
578 3153 694 3206 operam
701 3137 781 3192 cultae
791 3137 853 3191 mire
864 3138 971 3206 adjurat,
980 3144 1116 3190 venmtate.
1156 3147 1159 3154 ’
