2894 4558
225 328 291 402 562
502 333 547 420 Q.
573 333 783 404 nonum
807 335 986 408 nascer

327 469 390 522 lnrle
398 468 473 522 botes
484 467 534 524 albi
544 467 614 522 lovis
625 469 778 526 addantur
788 472 819 526 sd
829 485 916 541 arun,

325 555 645 625 lthnedie,baudnoctu:
660 556 982 614 mummolum

325 643 398 698 Sacra
406 642 496 696 dlurun
505 641 609 712 phoent.
625 643 709 698 Simili
720 645 817 698 mbos
823 645 928 713 imese·

326 733 421 788 Iunoni
433 731 512 786 nitida
523 741 548 784 et
559 731 623 785 lsbis
634 732 889 804 mtntnbitarexpess.

326 817 981 892 llineetsseraleretpsrinuietePbubusApollo,

326 907 421 959 Intonl
432 905 543 974 genitos,
551 919 625 975 quem
636 905 712 958 solum
724 907 825 960 nominc
834 907 929 962 (liment.

325 991 475 1062 Panaque
482 1000 572 1044 namt
583 989 683 1044 sublata
694 1007 752 1044 tuoe
763 991 850 1046 latini

328 1076 435 1130 AEdibus
447 1077 474 1130 in
484 1075 560 1130 mie
571 1077 643 1146 meet
655 1075 814 1148 innuphque
824 1079 930 1149 puellm

328 1161 954 1236 Steunen‚essltsotoonsisuetpenepeette;

327 1250 367 1304 Ex
378 1249 427 1304 alis
437 1251 508 1320 pueri
519 1249 602 1302 disant
613 1265 657 1303 sus
669 1251 796 1304 enemim:
809 1268 915 1322 quorum

327 1335 405 1388 Vivat
415 1343 519 1406 uterque
530 1349 619 1404 parens
628 1373 636 1397 ‚
645 1333 741 1405 superis
750 1344 860 1388 mter
869 1334 982 1388 elauris.

327 1423 430 1492 Atque
442 1431 574 1492 nuptarum
586 1421 682 1474 luerint
693 1437 843 1492 numeroque
853 1421 971 1492 locoque,

328 1508 466 1562 Adsideuut
478 1507 550 1562 llexis
560 1508 663 1574 genibus
675 1505 782 1562 lunonis
792 1508 824 1562 sd
836 1525 919 1570 aram,

325 1595 411 1646 Dirum
421 1601 567 1655 exorsutes,
577 1601 719 1646 ctrnotorum
732 1601 761 1646 ut
771 1603 828 1646 rots
840 1593 973 1662 emundet,

325 1679 394 1733 Vota
400 1678 500 1751 quidem
509 1687 535 1730 et
542 1679 649 1730 murium
658 1715 666 1746 ,
675 1679 752 1746 tnagis
765 1688 791 1732 at
802 1679 935 1732 muliebria
943 1689 1008 1733 vota.

326 1766 440 1836 Quilibet
450 1781 513 1836 eque
524 1764 597 1818 domo
609 1781 691 1818 secum
704 1763 767 1819 ierat
779 1767 878 1830 omnia,
887 1783 942 1837 quse
954 1767 990 1819 las

326 1853 447 1906 Mortales
459 1849 571 1921 superis,
582 1867 627 1904 ceu
639 1851 764 1920 primitius
774 1851 919 1922 epnhrnm,

326 1941 435 1994 illitibus
447 1949 473 1992 et
483 1939 566 2005 ditis,
578 1937 644 1992 clivis
656 1937 750 1993 uilcrra
762 1938 851 1992 bestie.

327 2027 419 2081 Omnis
428 2025 550 2079 eetttbm
560 2025 613 2078 siut
623 2026 676 2080 lucc
685 2025 807 2080 minnista
815 2043 861 2096 per
871 2043 944 2094 aras,

328 2113 367 2166 En
379 2113 419 2166 his
429 2108 573 2180 suppedites
584 2120 613 2162 ut
628 2109 729 2163 ionillis
740 2109 915 2182 maribusque.

328 2198 379 2268 Qui
390 2199 466 2253 sucril
476 2197 582 2251 sdemnt
594 2215 599 2246 ι
615 2197 707 2248 etenim
720 2206 851 2266 noctesque
858 2198 960 2267 diesque

328 2285 378 2338 vs
388 2287 516 2338 mersen
530 2299 637 2354 presens
648 2285 680 2336 sa
691 2271 830 2352 butema
842 2285 926 2337 atum

329 2373 419 2439 lugens
430 2371 464 2425 sit
475 2387 593 2436 nurnero,
604 2369 697 2422 ludicra
708 2377 734 2420 et
744 2371 809 2421 seria
821 2378 936 2422 tractans.

329 2458 388 2510 line
398 2457 459 2510 sdeo
469 2457 516 2509 tibi
528 2457 580 2508 siut
590 2457 692 2508 memori
705 2455 770 2507 bene
782 2457 882 2508 condita
895 2466 990 2510 mente:

330 2545 393 2598 lteia
404 2546 440 2596 sic
452 2543 524 2596 tellus
536 2544 618 2595 omnis
629 2541 758 2611 omnisque
769 2543 859 2596 latina

330 2630 461 2682 AEtemum
473 2637 516 2680 tua
526 2637 622 2698 sceptra
631 2628 710 2697 celet,
721 2639 763 2682 tua
772 2629 842 2698 jussu
853 2641 971 2702 uspeuet.

258 2839 342 2907 Quum
352 2836 481 2908 Sibyllinis
492 2837 532 2892 bis
541 2837 653 2892 versibus
663 2837 728 2906 leges
738 2838 808 2910 qussi
819 2839 931 2910 quedam
940 2837 1012 2891 dictn
1023 2849 1119 2906 cuent,
1132 2853 1187 2910 que
1198 2849 1274 2908 poetae

226 2930 353 3002 pungendo
361 2927 466 2983 carmini
477 2927 585 2980 &culmi
595 2928 693 2982 admoto
703 2927 847 2998 intentoque
857 2943 956 2998 semper
964 2927 1094 2998 sequenda
1106 2938 1188 2981 essent
1195 2948 1204 2994 ;
1221 2942 1274 2980 nra-

224 3031 277 3083 gne
286 3013 440 3084 utiqueartis
451 3021 505 3066 crat
513 3021 588 3082 atque
600 3012 709 3079 ingenii,
721 3013 753 3066 iis
766 3011 801 3064 ita
809 3012 963 3080 satisfacere,
974 3023 1003 3065 ut
1013 3027 1045 3065 nc
1054 3012 1157 3066 rinmlis
1168 3013 1273 3066 mustri-

223 3111 309 3156 otuset
314 3101 341 3154 iu
346 3099 459 3153 ordinem
469 3107 564 3152 coactus
574 3097 709 3166 rideretur,
717 3097 840 3168 simulque
846 3115 945 3152 carmen
954 3099 1041 3164 exiret,
1048 3099 1113 3170 quod
1122 3117 1167 3152 noc
1172 3098 1273 3158 Phoebo,

223 3189 263 3243 cui
279 3187 410 3242 dicendum
422 3195 502 3251 esset,
520 3183 548 3236 ls.
565 3183 662 3236 dierum
681 3185 782 3238 istorum
799 3183 958 3253 solennitate,
974 3201 1056 3255 neque
1073 3184 1198 3252 muneris,
1208 3183 1272 3252 quud

222 3275 342 3330 tuendum
350 3272 536 3342 ornandumque
547 3270 708 3339 suscepisset,
717 3273 836 3339 grarimte
847 3272 973 3339 indignum
984 3281 1057 3324 earet.
1069 3271 1167 3339 Quibus
1174 3270 1274 3340 qsridem

223 3363 245 3415 si
260 3361 390 3415 Horatium
407 3359 498 3426 insigni
514 3357 560 3412 boe
574 3367 648 3427 etque
658 3358 731 3410 uuioo
741 3357 782 3410 sui
793 3359 889 3426 generis
899 3373 930 3413 cn
941 3359 1052 3412 lloruaua
1062 3359 1275 3429 antiquitatemo-

224 3456 342 3502 numento
357 3445 455 3499 abunde
471 3444 618 3497 satisfecisse
630 3442 727 3511 dicam,
742 3445 867 3498 nemiuem
877 3485 885 3510 ,
896 3447 941 3517 qui
954 3447 1068 3499 adeamus
1080 3461 1120 3496 me
1130 3443 1274 3512 contendat,

223 3539 277 3591 iore
285 3535 394 3589 arbitror
403 3534 441 3586 rei
452 3531 640 3599 intelligentem.
651 3529 710 3583 Non
724 3530 768 3584 illa
783 3532 845 3584 artis
853 3533 957 3586 musice
967 3532 1113 3586 emblemata
1122 3532 1186 3597 dico,
1197 3547 1276 3600 quan-

222 3639 296 3692 quam
311 3619 364 3689 ipsa
379 3617 445 3670 haral
458 3617 567 3684 vulgaria
584 3626 658 3688 utque
674 3615 797 3670 illustria:
810 3635 866 3670 nam
880 3616 938 3670 talia
948 3615 987 3669 sel
1000 3617 1116 3670 aridioris
1126 3625 1203 3683 poete
1212 3632 1275 3666 vena

223 3709 361 3777 inspergat3
376 3705 419 3756 secl
432 3703 498 3755 illum
514 3703 632 3756 orationis
643 3703 784 3770 gravitatem
795 3719 822 3756 ac
831 3703 974 3769 dignitatem
986 3741 994 3772 ‚
1006 3703 1076 3755 illum
1091 3717 1185 3754 sau-um
1195 3702 1275 3768 maje-

113 3827 117 3838 ·
221 3794 340 3862 statisque
354 3791 454 3859 plenum
467 3790 582 3841 carminis
593 3789 714 3841 incessum
725 3790 796 3857 dioo',
808 3791 839 3843 ad
851 3791 984 3859 priscorum
998 3789 1143 3859 hymnorum
1158 3793 1275 3842 umens

222 3891 296 3950 atquo
310 3877 421 3929 ιύκτικῶν
432 3875 551 3942 formum,
566 3875 597 3926 ad
611 3893 685 3944 quum
699 3876 799 3944 quidem
810 3893 894 3930 versus
904 3875 1022 3947 Sibyllini
1032 3872 1102 3945 quasi
1113 3889 1188 3924 manu
1197 3873 1276 3925 ducass

222 3971 300 4030 baut,
313 3965 386 4036 plane
398 3965 557 4035 descriptum.
578 3964 667 4034 Neque
684 3965 750 4018 euim
770 3967 882 4033 copiosus
899 3965 1023 4030 exundat,
1039 3972 1083 4014 aut
1098 3960 1177 4014 nubes
1194 3969 1278 4030 captat

222 4063 307 4121 μεως
322 4053 364 4103 sed
376 4051 530 4120 aequabiliter
543 4053 674 4104 decurrens
688 4051 748 4103 satis
760 4051 835 4105 habet
846 4053 899 4122 pios
911 4069 939 4106 se
950 4050 1075 4118 religiosos
1084 4064 1169 4102 sensus
1179 4047 1277 4117 eloqui,
