<?xml version="1.0" encoding="UTF-8"?>
<!DOCTYPE html PUBLIC "-//W3C//DTD XHTML 1.0 Transitional//EN"
    "http://www.w3.org/TR/xhtml1/DTD/xhtml1-transitional.dtd">
<html xmlns="http://www.w3.org/1999/xhtml" xml:lang="en" lang="en">
 <head>
  <title>
</title>
<meta http-equiv="Content-Type" content="text/html;charset=utf-8" />
  <meta name='ocr-system' content='tesseract 3.04.00' />
  <meta name='ocr-capabilities' content='ocr_page ocr_carea ocr_par ocr_line ocrx_word'/>
</head>
<body>
  <div class='ocr_page' id='page_1' title='image "./quintushoratius01lemagoog_0185.png"; bbox 0 0 2964 4548; ppageno 0'>
   <div class='ocr_carea' id='block_1_1' title="bbox 137 353 1262 562">
    <p class='ocr_par' dir='ltr' id='par_1_1' title="bbox 137 353 1262 562">
     <span class='ocr_line' id='line_1_1' title="bbox 137 353 984 466; baseline -0.014 -35"><span class='ocrx_word' id='word_1_1' title='bbox 137 457 148 466; x_wconf 18' lang='grc' dir='ltr'>ι</span> <span class='ocrx_word' id='word_1_2' title='bbox 232 364 298 455; x_wconf 76' lang='lat'>174</span> <span class='ocrx_word' id='word_1_3' title='bbox 505 356 549 441; x_wconf 86' lang='lat' dir='ltr'>Q.</span> <span class='ocrx_word' id='word_1_4' title='bbox 576 354 785 426; x_wconf 67' lang='lat' dir='ltr'>nostru</span> <span class='ocrx_word' id='word_1_5' title='bbox 810 353 984 424; x_wconf 75' lang='lat' dir='ltr'>nnnccl</span> 
     </span>
     <span class='ocr_line' id='line_1_2' title="bbox 243 489 1262 562; baseline -0.002 -14"><span class='ocrx_word' id='word_1_6' title='bbox 243 496 389 548; x_wconf 67' lang='lat' dir='ltr'>sums.</span> <span class='ocrx_word' id='word_1_7' title='bbox 409 493 438 546; x_wconf 91' lang='lat' dir='ltr'>c.</span> <span class='ocrx_word' id='word_1_8' title='bbox 458 491 561 544; x_wconf 71' lang='lat' dir='ltr'>suco</span> <span class='ocrx_word' id='word_1_9' title='bbox 577 489 879 558; x_wconf 78' lang='lat' dir='ltr'>Pollio,rircousutaris,</span> <span class='ocrx_word' id='word_1_10' title='bbox 893 506 966 560; x_wconf 67' lang='lat' dir='ltr'>pem</span> <span class='ocrx_word' id='word_1_11' title='bbox 978 489 1035 542; x_wconf 72' lang='lat' dir='ltr'>cetu</span> <span class='ocrx_word' id='word_1_12' title='bbox 1047 491 1262 562; x_wconf 56' lang='lat' dir='ltr'>propenticon</span> 
     </span>
    </p>
   </div>
   <div class='ocr_carea' id='block_1_2' title="bbox 123 573 1263 650">
    <p class='ocr_par' dir='ltr' id='par_1_2' title="bbox 123 573 1263 650">
     <span class='ocr_line' id='line_1_3' title="bbox 123 573 1263 650; baseline 0.005 -24"><span class='ocrx_word' id='word_1_13' title='bbox 123 619 125 626; x_wconf 94' lang='lat'><em>.</em></span> <span class='ocrx_word' id='word_1_14' title='bbox 137 585 143 595; x_wconf 80' lang='lat'><strong><em>¹</em></strong></span> <span class='ocrx_word' id='word_1_15' title='bbox 226 583 325 650; x_wconf 74' lang='lat' dir='ltr'>pso-iter,</span> <span class='ocrx_word' id='word_1_16' title='bbox 337 597 365 632; x_wconf 86' lang='lat' dir='ltr'>se</span> <span class='ocrx_word' id='word_1_17' title='bbox 376 580 512 632; x_wconf 82' lang='lat' dir='ltr'>litterarum</span> <span class='ocrx_word' id='word_1_18' title='bbox 525 573 679 644; x_wconf 73' lang='lat' dir='ltr'>ingeniique,</span> <span class='ocrx_word' id='word_1_19' title='bbox 693 591 741 644; x_wconf 83' lang='lat' dir='ltr'>qno</span> <span class='ocrx_word' id='word_1_20' title='bbox 753 575 894 643; x_wconf 74' lang='lat' dir='ltr'>preclarum</span> <span class='ocrx_word' id='word_1_21' title='bbox 908 575 1074 642; x_wconf 76' lang='lat' dir='ltr'>tragmdiumm</span> <span class='ocrx_word' id='word_1_22' title='bbox 1085 579 1227 647; x_wconf 72' lang='lat' dir='ltr'>scriptorem</span> <span class='ocrx_word' id='word_1_23' title='bbox 1237 597 1263 632; x_wconf 86' lang='lat' dir='ltr'>sc</span> 
     </span>
    </p>
   </div>
   <div class='ocr_carea' id='block_1_3' title="bbox 164 660 1267 2710">
    <p class='ocr_par' dir='ltr' id='par_1_3' title="bbox 164 660 1267 2624">
     <span class='ocr_line' id='line_1_4' title="bbox 225 660 1262 735; baseline 0 -17"><span class='ocrx_word' id='word_1_24' title='bbox 225 666 351 735; x_wconf 76' lang='lat' dir='ltr'>prestitit,</span> <span class='ocrx_word' id='word_1_25' title='bbox 365 665 442 732; x_wconf 79' lang='lat' dir='ltr'>gloria</span> <span class='ocrx_word' id='word_1_26' title='bbox 456 663 522 714; x_wconf 86' lang='lat' dir='ltr'>inter</span> <span class='ocrx_word' id='word_1_27' title='bbox 532 661 653 714; x_wconf 78' lang='lat' dir='ltr'>Romanos</span> <span class='ocrx_word' id='word_1_28' title='bbox 666 660 807 713; x_wconf 72' lang='lat' dir='ltr'>excelluisse</span> <span class='ocrx_word' id='word_1_29' title='bbox 818 660 877 712; x_wconf 83' lang='lat' dir='ltr'>setis</span> <span class='ocrx_word' id='word_1_30' title='bbox 887 671 980 714; x_wconf 78' lang='lat' dir='ltr'>constet</span> <span class='ocrx_word' id='word_1_31' title='bbox 990 701 997 725; x_wconf 92' lang='lat'>,</span> <span class='ocrx_word' id='word_1_32' title='bbox 1009 680 1085 732; x_wconf 88' lang='lat' dir='ltr'>quum</span> <span class='ocrx_word' id='word_1_33' title='bbox 1098 664 1148 732; x_wconf 82' lang='lat' dir='ltr'>jam</span> <span class='ocrx_word' id='word_1_34' title='bbox 1164 682 1194 718; x_wconf 89' lang='lat' dir='ltr'>co</span> <span class='ocrx_word' id='word_1_35' title='bbox 1203 683 1262 718; x_wconf 91' lang='lat' dir='ltr'>con-</span> 
     </span>
     <span class='ocr_line' id='line_1_5' title="bbox 225 744 1264 814; baseline -0.001 -10"><span class='ocrx_word' id='word_1_36' title='bbox 225 751 320 804; x_wconf 84' lang='lat' dir='ltr'>tulisset</span> <span class='ocrx_word' id='word_1_37' title='bbox 328 751 408 803; x_wconf 75' lang='lat' dir='ltr'>studia</span> <span class='ocrx_word' id='word_1_38' title='bbox 420 765 477 811; x_wconf 76' lang='lat' dir='ltr'>nse,</span> <span class='ocrx_word' id='word_1_39' title='bbox 492 757 520 800; x_wconf 90' lang='lat' dir='ltr'>ut</span> <span class='ocrx_word' id='word_1_40' title='bbox 530 746 589 799; x_wconf 90' lang='lat' dir='ltr'>belli</span> <span class='ocrx_word' id='word_1_41' title='bbox 604 744 683 798; x_wconf 85' lang='lat' dir='ltr'>uirilis</span> <span class='ocrx_word' id='word_1_42' title='bbox 696 747 823 798; x_wconf 74' lang='lat' dir='ltr'>historiam</span> <span class='ocrx_word' id='word_1_43' title='bbox 835 748 966 814; x_wconf 79' lang='lat' dir='ltr'>scriberet,</span> <span class='ocrx_word' id='word_1_44' title='bbox 986 748 1103 802; x_wconf 80' lang='lat' dir='ltr'>Horatius</span> <span class='ocrx_word' id='word_1_45' title='bbox 1114 767 1170 802; x_wconf 85' lang='lat' dir='ltr'>eum</span> <span class='ocrx_word' id='word_1_46' title='bbox 1182 750 1207 802; x_wconf 94' lang='lat' dir='ltr'>in</span> <span class='ocrx_word' id='word_1_47' title='bbox 1219 751 1264 804; x_wconf 88' lang='lat' dir='ltr'>hoe</span> 
     </span>
     <span class='ocr_line' id='line_1_6' title="bbox 223 833 1264 904; baseline -0.004 -12"><span class='ocrx_word' id='word_1_48' title='bbox 223 838 332 892; x_wconf 78' lang='lat' dir='ltr'>carmine</span> <span class='ocrx_word' id='word_1_49' title='bbox 342 838 373 890; x_wconf 88' lang='lat' dir='ltr'>nd</span> <span class='ocrx_word' id='word_1_50' title='bbox 384 837 445 890; x_wconf 85' lang='lat' dir='ltr'>illud</span> <span class='ocrx_word' id='word_1_51' title='bbox 459 851 520 904; x_wconf 88' lang='lat' dir='ltr'>opus</span> <span class='ocrx_word' id='word_1_52' title='bbox 539 843 637 886; x_wconf 87' lang='lat' dir='ltr'>strenue</span> <span class='ocrx_word' id='word_1_53' title='bbox 649 833 820 902; x_wconf 85' lang='lat' dir='ltr'>perficiendum</span> <span class='ocrx_word' id='word_1_54' title='bbox 834 851 882 886; x_wconf 91' lang='lat' dir='ltr'>uon</span> <span class='ocrx_word' id='word_1_55' title='bbox 898 835 952 886; x_wconf 88' lang='lat' dir='ltr'>sine</span> <span class='ocrx_word' id='word_1_56' title='bbox 968 851 1054 902; x_wconf 77' lang='lat' dir='ltr'>magna</span> <span class='ocrx_word' id='word_1_57' title='bbox 1068 837 1120 903; x_wconf 82' lang='lat' dir='ltr'>ejus</span> <span class='ocrx_word' id='word_1_58' title='bbox 1136 836 1207 888; x_wconf 84' lang='lat' dir='ltr'>lsude</span> <span class='ocrx_word' id='word_1_59' title='bbox 1218 837 1264 888; x_wconf 79' lang='lat' dir='ltr'>acl-</span> 
     </span>
     <span class='ocr_line' id='line_1_7' title="bbox 224 919 1264 994; baseline -0.002 -16"><span class='ocrx_word' id='word_1_60' title='bbox 224 927 335 978; x_wconf 81' lang='lat' dir='ltr'>hortutnr</span> <span class='ocrx_word' id='word_1_61' title='bbox 347 933 420 994; x_wconf 84' lang='lat' dir='ltr'>stqne</span> <span class='ocrx_word' id='word_1_62' title='bbox 435 921 532 974; x_wconf 81' lang='lat' dir='ltr'>excitat.</span> <span class='ocrx_word' id='word_1_63' title='bbox 553 919 735 972; x_wconf 74' lang='lat' dir='ltr'>Sententiarum</span> <span class='ocrx_word' id='word_1_64' title='bbox 748 938 824 972; x_wconf 72' lang='lat' dir='ltr'>nescu</span> <span class='ocrx_word' id='word_1_65' title='bbox 838 931 875 972; x_wconf 85' lang='lat' dir='ltr'>est</span> <span class='ocrx_word' id='word_1_66' title='bbox 890 921 942 974; x_wconf 85' lang='lat' dir='ltr'>lere</span> <span class='ocrx_word' id='word_1_67' title='bbox 952 920 993 973; x_wconf 89' lang='lat' dir='ltr'>hio</span> <span class='ocrx_word' id='word_1_68' title='bbox 1005 941 1010 971; x_wconf 94' lang='lat'><strong>:</strong></span> <span class='ocrx_word' id='word_1_69' title='bbox 1024 921 1147 975; x_wconf 89' lang='lat' dir='ltr'>Bellorum</span> <span class='ocrx_word' id='word_1_70' title='bbox 1157 923 1264 976; x_wconf 85' lang='lat' dir='ltr'>civilium</span> 
     </span>
     <span class='ocr_line' id='line_1_8' title="bbox 223 1004 1264 1078; baseline -0.003 -15"><span class='ocrx_word' id='word_1_71' title='bbox 223 1010 352 1078; x_wconf 76' lang='lat' dir='ltr'>originem,</span> <span class='ocrx_word' id='word_1_72' title='bbox 363 1009 394 1062; x_wconf 88' lang='lat' dir='ltr'>nb</span> <span class='ocrx_word' id='word_1_73' title='bbox 402 1024 432 1061; x_wconf 86' lang='lat' dir='ltr'>co</span> <span class='ocrx_word' id='word_1_74' title='bbox 445 1006 502 1058; x_wconf 79' lang='lat' dir='ltr'>inde</span> <span class='ocrx_word' id='word_1_75' title='bbox 513 1015 621 1074; x_wconf 87' lang='lat' dir='ltr'>tempore</span> <span class='ocrx_word' id='word_1_76' title='bbox 628 1021 677 1074; x_wconf 87' lang='lat' dir='ltr'>quo</span> <span class='ocrx_word' id='word_1_77' title='bbox 688 1004 804 1058; x_wconf 85' lang='lat' dir='ltr'>Metellus</span> <span class='ocrx_word' id='word_1_78' title='bbox 815 1006 899 1059; x_wconf 74' lang='lat' dir='ltr'>consoni</span> <span class='ocrx_word' id='word_1_79' title='bbox 910 1007 966 1074; x_wconf 82' lang='lat' dir='ltr'>luit,</span> <span class='ocrx_word' id='word_1_80' title='bbox 978 1005 1141 1076; x_wconf 61' lang='lat' dir='ltr'>repetendim,</span> <span class='ocrx_word' id='word_1_81' title='bbox 1152 1018 1177 1062; x_wconf 90' lang='lat' dir='ltr'>et</span> <span class='ocrx_word' id='word_1_82' title='bbox 1188 1009 1264 1061; x_wconf 84' lang='lat' dir='ltr'>rstic-</span> 
     </span>
     <span class='ocr_line' id='line_1_9' title="bbox 226 1092 1265 1165; baseline -0.003 -17"><span class='ocrx_word' id='word_1_83' title='bbox 226 1113 281 1148; x_wconf 87' lang='lat' dir='ltr'>nem</span> <span class='ocrx_word' id='word_1_84' title='bbox 299 1109 347 1165; x_wconf 78' lang='lat' dir='ltr'>qun</span> <span class='ocrx_word' id='word_1_85' title='bbox 368 1094 409 1146; x_wconf 89' lang='lat' dir='ltr'>ills</span> <span class='ocrx_word' id='word_1_86' title='bbox 426 1101 491 1159; x_wconf 76' lang='lat' dir='ltr'>gestu</span> <span class='ocrx_word' id='word_1_87' title='bbox 503 1100 575 1153; x_wconf 88' lang='lat' dir='ltr'>sunt,</span> <span class='ocrx_word' id='word_1_88' title='bbox 591 1107 704 1146; x_wconf 79' lang='lat' dir='ltr'>enarrare</span> <span class='ocrx_word' id='word_1_89' title='bbox 716 1107 839 1162; x_wconf 59' lang='lat' dir='ltr'>werona</span> <span class='ocrx_word' id='word_1_90' title='bbox 856 1109 897 1156; x_wconf 89' lang='lat' dir='ltr'>es,</span> <span class='ocrx_word' id='word_1_91' title='bbox 911 1092 998 1148; x_wconf 88' lang='lat' dir='ltr'>Pollio.</span> <span class='ocrx_word' id='word_1_92' title='bbox 1013 1092 1058 1146; x_wconf 85' lang='lat' dir='ltr'>Est</span> <span class='ocrx_word' id='word_1_93' title='bbox 1073 1111 1131 1147; x_wconf 87' lang='lat' dir='ltr'>ssne</span> <span class='ocrx_word' id='word_1_94' title='bbox 1148 1092 1225 1158; x_wconf 81' lang='lat' dir='ltr'>tenti,</span> <span class='ocrx_word' id='word_1_95' title='bbox 1237 1105 1265 1146; x_wconf 87' lang='lat' dir='ltr'>ut</span> 
     </span>
     <span class='ocr_line' id='line_1_10' title="bbox 225 1178 1267 1250; baseline -0.003 -14"><span class='ocrx_word' id='word_1_96' title='bbox 225 1183 327 1249; x_wconf 82' lang='lat' dir='ltr'>tamdiu,</span> <span class='ocrx_word' id='word_1_97' title='bbox 335 1181 412 1232; x_wconf 87' lang='lat' dir='ltr'>donec</span> <span class='ocrx_word' id='word_1_98' title='bbox 421 1178 531 1231; x_wconf 79' lang='lat' dir='ltr'>ultimum</span> <span class='ocrx_word' id='word_1_99' title='bbox 543 1190 642 1230; x_wconf 79' lang='lat' dir='ltr'>menum</span> <span class='ocrx_word' id='word_1_100' title='bbox 652 1189 763 1248; x_wconf 85' lang='lat' dir='ltr'>suscepto</span> <span class='ocrx_word' id='word_1_101' title='bbox 775 1180 843 1248; x_wconf 87' lang='lat' dir='ltr'>operi</span> <span class='ocrx_word' id='word_1_102' title='bbox 858 1179 1014 1250; x_wconf 85' lang='lat' dir='ltr'>imposueris,</span> <span class='ocrx_word' id='word_1_103' title='bbox 1027 1181 1135 1232; x_wconf 79' lang='lat' dir='ltr'>animum</span> <span class='ocrx_word' id='word_1_104' title='bbox 1144 1181 1267 1250; x_wconf 72' lang='lat' dir='ltr'>paulisper</span> 
     </span>
     <span class='ocr_line' id='line_1_11' title="bbox 226 1262 1264 1334; baseline -0.004 -13"><span class='ocrx_word' id='word_1_105' title='bbox 226 1266 420 1334; x_wconf 59' lang='lat' dir='ltr'>atrngfflisrum</span> <span class='ocrx_word' id='word_1_106' title='bbox 439 1263 621 1315; x_wconf 76' lang='lat' dir='ltr'>scribendorum</span> <span class='ocrx_word' id='word_1_107' title='bbox 635 1262 717 1315; x_wconf 85' lang='lat' dir='ltr'>studio</span> <span class='ocrx_word' id='word_1_108' title='bbox 734 1273 836 1316; x_wconf 73' lang='lat' dir='ltr'>avenne.</span> <span class='ocrx_word' id='word_1_109' title='bbox 850 1263 930 1330; x_wconf 81' lang='lat' dir='ltr'>Quam</span> <span class='ocrx_word' id='word_1_110' title='bbox 946 1263 1007 1316; x_wconf 82' lang='lat' dir='ltr'>viris</span> <span class='ocrx_word' id='word_1_111' title='bbox 1017 1265 1136 1318; x_wconf 82' lang='lat' dir='ltr'>coloribus</span> <span class='ocrx_word' id='word_1_112' title='bbox 1146 1267 1227 1318; x_wconf 80' lang='lat' dir='ltr'>omnis</span> <span class='ocrx_word' id='word_1_113' title='bbox 1239 1266 1264 1318; x_wconf 92' lang='lat' dir='ltr'>in</span> 
     </span>
     <span class='ocr_line' id='line_1_12' title="bbox 164 1347 1264 1420; baseline -0.004 -14"><span class='ocrx_word' id='word_1_114' title='bbox 164 1381 167 1388; x_wconf 88' lang='lat'>·</span> <span class='ocrx_word' id='word_1_115' title='bbox 226 1353 268 1407; x_wconf 86' lang='lat' dir='ltr'>ille</span> <span class='ocrx_word' id='word_1_116' title='bbox 284 1352 402 1404; x_wconf 81' lang='lat' dir='ltr'>bellorum</span> <span class='ocrx_word' id='word_1_117' title='bbox 418 1347 526 1402; x_wconf 84' lang='lat' dir='ltr'>cirillum</span> <span class='ocrx_word' id='word_1_118' title='bbox 538 1348 702 1418; x_wconf 84' lang='lat' dir='ltr'>descriptione</span> <span class='ocrx_word' id='word_1_119' title='bbox 715 1365 827 1419; x_wconf 77' lang='lat' dir='ltr'>expressa</span> <span class='ocrx_word' id='word_1_120' title='bbox 843 1349 932 1402; x_wconf 83' lang='lat' dir='ltr'>cruutl</span> <span class='ocrx_word' id='word_1_121' title='bbox 944 1349 1000 1402; x_wconf 86' lang='lat' dir='ltr'>Jsm</span> <span class='ocrx_word' id='word_1_122' title='bbox 1014 1367 1079 1404; x_wconf 92' lang='lat' dir='ltr'>nunc</span> <span class='ocrx_word' id='word_1_123' title='bbox 1091 1351 1151 1420; x_wconf 91' lang='lat' dir='ltr'>ipsis</span> <span class='ocrx_word' id='word_1_124' title='bbox 1163 1352 1264 1420; x_wconf 76' lang='lat' dir='ltr'>pugnis,</span> 
     </span>
     <span class='ocr_line' id='line_1_13' title="bbox 224 1433 1266 1507; baseline -0.002 -19"><span class='ocrx_word' id='word_1_125' title='bbox 224 1454 284 1507; x_wconf 79' lang='lat' dir='ltr'>ques</span> <span class='ocrx_word' id='word_1_126' title='bbox 294 1436 509 1504; x_wconf 75' lang='lat' dir='ltr'>descriptus-oses,</span> <span class='ocrx_word' id='word_1_127' title='bbox 527 1435 645 1486; x_wconf 69' lang='lat' dir='ltr'>intermse</span> <span class='ocrx_word' id='word_1_128' title='bbox 656 1433 719 1486; x_wconf 86' lang='lat' dir='ltr'>mihi</span> <span class='ocrx_word' id='word_1_129' title='bbox 734 1435 833 1488; x_wconf 77' lang='lat' dir='ltr'>videor!</span> <span class='ocrx_word' id='word_1_130' title='bbox 852 1435 908 1488; x_wconf 83' lang='lat' dir='ltr'>Jnm</span> <span class='ocrx_word' id='word_1_131' title='bbox 928 1453 992 1488; x_wconf 90' lang='lat' dir='ltr'>nunc</span> <span class='ocrx_word' id='word_1_132' title='bbox 1006 1437 1149 1488; x_wconf 77' lang='lat' dir='ltr'>adumbrato</span> <span class='ocrx_word' id='word_1_133' title='bbox 1160 1435 1266 1490; x_wconf 82' lang='lat' dir='ltr'>fortissi-</span> 
     </span>
     <span class='ocr_line' id='line_1_14' title="bbox 226 1509 1266 1592; baseline 0.001 -17"><span class='ocrx_word' id='word_1_134' title='bbox 226 1539 320 1576; x_wconf 88' lang='lat' dir='ltr'>morum</span> <span class='ocrx_word' id='word_1_135' title='bbox 330 1522 418 1575; x_wconf 86' lang='lat' dir='ltr'>ducum</span> <span class='ocrx_word' id='word_1_136' title='bbox 431 1509 509 1587; x_wconf 75' lang='lat' dir='ltr'>imsgo</span> <span class='ocrx_word' id='word_1_137' title='bbox 517 1521 600 1572; x_wconf 79' lang='lat' dir='ltr'>animo</span> <span class='ocrx_word' id='word_1_138' title='bbox 610 1537 664 1573; x_wconf 86' lang='lat' dir='ltr'>meo</span> <span class='ocrx_word' id='word_1_139' title='bbox 674 1521 830 1574; x_wconf 82' lang='lat' dir='ltr'>obversatur!</span> <span class='ocrx_word' id='word_1_140' title='bbox 843 1522 898 1574; x_wconf 81' lang='lat' dir='ltr'>lam</span> <span class='ocrx_word' id='word_1_141' title='bbox 911 1539 976 1574; x_wconf 89' lang='lat' dir='ltr'>nunc</span> <span class='ocrx_word' id='word_1_142' title='bbox 988 1532 1069 1574; x_wconf 83' lang='lat' dir='ltr'>mente</span> <span class='ocrx_word' id='word_1_143' title='bbox 1080 1523 1194 1592; x_wconf 82' lang='lat' dir='ltr'>percipio,</span> <span class='ocrx_word' id='word_1_144' title='bbox 1203 1541 1266 1592; x_wconf 86' lang='lat' dir='ltr'>qno-</span> 
     </span>
     <span class='ocr_line' id='line_1_15' title="bbox 226 1605 1267 1675; baseline -0.001 -12"><span class='ocrx_word' id='word_1_145' title='bbox 226 1610 297 1662; x_wconf 84' lang='lat' dir='ltr'>modo</span> <span class='ocrx_word' id='word_1_146' title='bbox 315 1618 379 1661; x_wconf 89' lang='lat' dir='ltr'>totos</span> <span class='ocrx_word' id='word_1_147' title='bbox 399 1617 518 1659; x_wconf 79' lang='lat' dir='ltr'>terrenum</span> <span class='ocrx_word' id='word_1_148' title='bbox 539 1606 606 1658; x_wconf 87' lang='lat' dir='ltr'>orbis</span> <span class='ocrx_word' id='word_1_149' title='bbox 628 1617 718 1675; x_wconf 68' lang='lat' dir='ltr'>proter</span> <span class='ocrx_word' id='word_1_150' title='bbox 733 1617 837 1660; x_wconf 78' lang='lat' dir='ltr'>atrocem</span> <span class='ocrx_word' id='word_1_151' title='bbox 853 1609 962 1660; x_wconf 80' lang='lat' dir='ltr'>animum</span> <span class='ocrx_word' id='word_1_152' title='bbox 979 1605 1080 1661; x_wconf 82' lang='lat' dir='ltr'>Catonis</span> <span class='ocrx_word' id='word_1_153' title='bbox 1098 1610 1223 1675; x_wconf 79' lang='lat' dir='ltr'>subactus,</span> <span class='ocrx_word' id='word_1_154' title='bbox 1242 1620 1267 1662; x_wconf 88' lang='lat' dir='ltr'>et</span> 
     </span>
     <span class='ocr_line' id='line_1_16' title="bbox 225 1689 1265 1766; baseline -0.002 -18"><span class='ocrx_word' id='word_1_155' title='bbox 225 1707 315 1766; x_wconf 81' lang='lat' dir='ltr'>qnontn</span> <span class='ocrx_word' id='word_1_156' title='bbox 327 1704 417 1760; x_wconf 74' lang='lat' dir='ltr'>strages</span> <span class='ocrx_word' id='word_1_157' title='bbox 433 1693 460 1745; x_wconf 92' lang='lat' dir='ltr'>in</span> <span class='ocrx_word' id='word_1_158' title='bbox 477 1689 562 1745; x_wconf 77' lang='lat' dir='ltr'>Altius</span> <span class='ocrx_word' id='word_1_159' title='bbox 579 1691 646 1744; x_wconf 79' lang='lat' dir='ltr'>edin</span> <span class='ocrx_word' id='word_1_160' title='bbox 661 1691 708 1744; x_wconf 85' lang='lat' dir='ltr'>siti</span> <span class='ocrx_word' id='word_1_161' title='bbox 723 1690 785 1760; x_wconf 74' lang='lat' dir='ltr'>Quis</span> <span class='ocrx_word' id='word_1_162' title='bbox 803 1709 901 1762; x_wconf 80' lang='lat' dir='ltr'>compos</span> <span class='ocrx_word' id='word_1_163' title='bbox 917 1695 982 1746; x_wconf 86' lang='lat' dir='ltr'>enim</span> <span class='ocrx_word' id='word_1_164' title='bbox 999 1693 1161 1747; x_wconf 82' lang='lat' dir='ltr'>llomnnontm</span> <span class='ocrx_word' id='word_1_165' title='bbox 1177 1695 1265 1746; x_wconf 80' lang='lat' dir='ltr'>civium</span> 
     </span>
     <span class='ocr_line' id='line_1_17' title="bbox 225 1779 1265 1852; baseline -0.002 -14"><span class='ocrx_word' id='word_1_166' title='bbox 225 1785 341 1852; x_wconf 68' lang='lat' dir='ltr'>unguine</span> <span class='ocrx_word' id='word_1_167' title='bbox 352 1799 401 1835; x_wconf 93' lang='lat' dir='ltr'>non</span> <span class='ocrx_word' id='word_1_168' title='bbox 416 1782 524 1850; x_wconf 88' lang='lat' dir='ltr'>pollutus</span> <span class='ocrx_word' id='word_1_169' title='bbox 534 1779 591 1834; x_wconf 85' lang='lat' dir='ltr'>est?</span> <span class='ocrx_word' id='word_1_170' title='bbox 601 1782 632 1833; x_wconf 91' lang='lat' dir='ltr'>In</span> <span class='ocrx_word' id='word_1_171' title='bbox 644 1798 717 1851; x_wconf 81' lang='lat' dir='ltr'>quam</span> <span class='ocrx_word' id='word_1_172' title='bbox 730 1791 819 1834; x_wconf 85' lang='lat' dir='ltr'>terrum</span> <span class='ocrx_word' id='word_1_173' title='bbox 831 1783 896 1834; x_wconf 78' lang='lat' dir='ltr'>inme</span> <span class='ocrx_word' id='word_1_174' title='bbox 906 1783 937 1834; x_wconf 91' lang='lat' dir='ltr'>de</span> <span class='ocrx_word' id='word_1_175' title='bbox 948 1783 1067 1835; x_wconf 87' lang='lat' dir='ltr'>bellorum</span> <span class='ocrx_word' id='word_1_176' title='bbox 1083 1783 1189 1836; x_wconf 78' lang='lat' dir='ltr'>civilium</span> <span class='ocrx_word' id='word_1_177' title='bbox 1200 1784 1265 1836; x_wconf 82' lang='lat' dir='ltr'>cols-</span> 
     </span>
     <span class='ocr_line' id='line_1_18' title="bbox 170 1862 1265 1938; baseline -0.001 -14"><span class='ocrx_word' id='word_1_178' title='bbox 170 1862 175 1872; x_wconf 83' lang='grc'><strong>’</strong></span> <span class='ocrx_word' id='word_1_179' title='bbox 226 1871 311 1924; x_wconf 80' lang='lat' dir='ltr'>nitate</span> <span class='ocrx_word' id='word_1_180' title='bbox 321 1887 370 1922; x_wconf 88' lang='lat' dir='ltr'>non</span> <span class='ocrx_word' id='word_1_181' title='bbox 382 1866 540 1936; x_wconf 72' lang='lat' dir='ltr'>penetrarit?</span> <span class='ocrx_word' id='word_1_182' title='bbox 551 1865 630 1934; x_wconf 81' lang='lat' dir='ltr'>Qosem</span> <span class='ocrx_word' id='word_1_183' title='bbox 638 1866 773 1934; x_wconf 74' lang='lat' dir='ltr'>gtsrgitem,</span> <span class='ocrx_word' id='word_1_184' title='bbox 784 1883 856 1936; x_wconf 87' lang='lat' dir='ltr'>quem</span> <span class='ocrx_word' id='word_1_185' title='bbox 867 1868 980 1933; x_wconf 84' lang='lat' dir='ltr'>fluvium,</span> <span class='ocrx_word' id='word_1_186' title='bbox 991 1869 1056 1938; x_wconf 83' lang='lat' dir='ltr'>qnod</span> <span class='ocrx_word' id='word_1_187' title='bbox 1067 1886 1134 1922; x_wconf 83' lang='lat' dir='ltr'>mure</span> <span class='ocrx_word' id='word_1_188' title='bbox 1142 1888 1190 1923; x_wconf 90' lang='lat' dir='ltr'>non</span> <span class='ocrx_word' id='word_1_189' title='bbox 1197 1887 1265 1923; x_wconf 79' lang='lat' dir='ltr'>ouu-</span> 
     </span>
     <span class='ocr_line' id='line_1_19' title="bbox 227 1955 1265 2026; baseline 0 -15"><span class='ocrx_word' id='word_1_190' title='bbox 227 1956 354 2011; x_wconf 83' lang='lat' dir='ltr'>mnuulnrit</span> <span class='ocrx_word' id='word_1_191' title='bbox 366 1957 455 2010; x_wconf 83' lang='lat' dir='ltr'>cirinus</span> <span class='ocrx_word' id='word_1_192' title='bbox 468 1956 565 2010; x_wconf 75' lang='lat' dir='ltr'>codes?</span> <span class='ocrx_word' id='word_1_193' title='bbox 574 1956 622 2010; x_wconf 86' lang='lat' dir='ltr'>Sed</span> <span class='ocrx_word' id='word_1_194' title='bbox 631 1972 680 2026; x_wconf 83' lang='lat' dir='ltr'>quo</span> <span class='ocrx_word' id='word_1_195' title='bbox 689 1973 728 2009; x_wconf 86' lang='lat' dir='ltr'>me</span> <span class='ocrx_word' id='word_1_196' title='bbox 738 1955 819 2026; x_wconf 77' lang='lat' dir='ltr'>abripi</span> <span class='ocrx_word' id='word_1_197' title='bbox 829 1956 909 2025; x_wconf 74' lang='lat' dir='ltr'>patior</span> <span class='ocrx_word' id='word_1_198' title='bbox 915 1973 959 2023; x_wconf 80' lang='lat' dir='ltr'>ego</span> <span class='ocrx_word' id='word_1_199' title='bbox 968 1995 975 2020; x_wconf 91' lang='lat'><strong>‚</strong></span> <span class='ocrx_word' id='word_1_200' title='bbox 985 1958 1028 2026; x_wconf 86' lang='lat' dir='ltr'>qni</span> <span class='ocrx_word' id='word_1_201' title='bbox 1040 1975 1089 2010; x_wconf 86' lang='lat' dir='ltr'>nun</span> <span class='ocrx_word' id='word_1_202' title='bbox 1097 1959 1213 2026; x_wconf 73' lang='lat' dir='ltr'>gravioris</span> <span class='ocrx_word' id='word_1_203' title='bbox 1224 1959 1265 2011; x_wconf 81' lang='lat' dir='ltr'>scd</span> 
     </span>
     <span class='ocr_line' id='line_1_20' title="bbox 225 2043 1266 2116; baseline 0.001 -19"><span class='ocrx_word' id='word_1_204' title='bbox 225 2045 323 2098; x_wconf 78' lang='lat' dir='ltr'>lenioris</span> <span class='ocrx_word' id='word_1_205' title='bbox 333 2053 426 2098; x_wconf 67' lang='lat' dir='ltr'>nutum</span> <span class='ocrx_word' id='word_1_206' title='bbox 438 2045 572 2112; x_wconf 74' lang='lat' dir='ltr'>argumenti</span> <span class='ocrx_word' id='word_1_207' title='bbox 583 2045 691 2097; x_wconf 78' lang='lat' dir='ltr'>carmina</span> <span class='ocrx_word' id='word_1_208' title='bbox 700 2061 786 2097; x_wconf 74' lang='lat' dir='ltr'>canere</span> <span class='ocrx_word' id='word_1_209' title='bbox 796 2043 910 2114; x_wconf 73' lang='lat' dir='ltr'>possum!</span> <span class='ocrx_word' id='word_1_210' title='bbox 922 2075 957 2085; x_wconf 89' lang='lat'>—</span> <span class='ocrx_word' id='word_1_211' title='bbox 965 2044 1093 2112; x_wconf 69' lang='lat' dir='ltr'>Ceoerum,</span> <span class='ocrx_word' id='word_1_212' title='bbox 1104 2063 1179 2116; x_wconf 84' lang='lat' dir='ltr'>quum</span> <span class='ocrx_word' id='word_1_213' title='bbox 1189 2045 1266 2098; x_wconf 86' lang='lat' dir='ltr'>bello-</span> 
     </span>
     <span class='ocr_line' id='line_1_21' title="bbox 226 2129 1266 2202; baseline 0 -18"><span class='ocrx_word' id='word_1_214' title='bbox 226 2147 280 2184; x_wconf 88' lang='lat' dir='ltr'>rum</span> <span class='ocrx_word' id='word_1_215' title='bbox 291 2131 399 2183; x_wconf 82' lang='lat' dir='ltr'>cirilium</span> <span class='ocrx_word' id='word_1_216' title='bbox 408 2131 534 2198; x_wconf 81' lang='lat' dir='ltr'>historie,</span> <span class='ocrx_word' id='word_1_217' title='bbox 545 2133 571 2184; x_wconf 91' lang='lat' dir='ltr'>in</span> <span class='ocrx_word' id='word_1_218' title='bbox 584 2131 664 2182; x_wconf 85' lang='lat' dir='ltr'>xvn</span> <span class='ocrx_word' id='word_1_219' title='bbox 677 2131 748 2183; x_wconf 90' lang='lat' dir='ltr'>libris</span> <span class='ocrx_word' id='word_1_220' title='bbox 760 2147 774 2181; x_wconf 84' lang='lat' dir='ltr'>u</span> <span class='ocrx_word' id='word_1_221' title='bbox 787 2129 899 2183; x_wconf 87' lang='lat' dir='ltr'>Pollione</span> <span class='ocrx_word' id='word_1_222' title='bbox 908 2131 1036 2199; x_wconf 79' lang='lat' dir='ltr'>expositos,</span> <span class='ocrx_word' id='word_1_223' title='bbox 1050 2132 1093 2184; x_wconf 81' lang='lat' dir='ltr'>elii</span> <span class='ocrx_word' id='word_1_224' title='bbox 1103 2149 1199 2202; x_wconf 87' lang='lat' dir='ltr'>qnoque</span> <span class='ocrx_word' id='word_1_225' title='bbox 1206 2135 1266 2184; x_wconf 84' lang='lat' dir='ltr'>sun&#39;-</span> 
     </span>
     <span class='ocr_line' id='line_1_22' title="bbox 226 2215 1265 2287; baseline 0 -17"><span class='ocrx_word' id='word_1_226' title='bbox 226 2226 307 2284; x_wconf 78' lang='lat' dir='ltr'>ptores</span> <span class='ocrx_word' id='word_1_227' title='bbox 318 2215 353 2284; x_wconf 86' lang='lat' dir='ltr'>(e.</span> <span class='ocrx_word' id='word_1_228' title='bbox 370 2233 393 2282; x_wconf 70' lang='lat' dir='ltr'>g.</span> <span class='ocrx_word' id='word_1_229' title='bbox 406 2217 486 2268; x_wconf 82' lang='lat' dir='ltr'>Tacit.</span> <span class='ocrx_word' id='word_1_230' title='bbox 500 2217 567 2269; x_wconf 79' lang='lat' dir='ltr'>Ano.</span> <span class='ocrx_word' id='word_1_231' title='bbox 586 2216 635 2281; x_wconf 81' lang='lat' dir='ltr'>IV,</span> <span class='ocrx_word' id='word_1_232' title='bbox 649 2228 698 2283; x_wconf 75' lang='lat' dir='ltr'>ns3</span> <span class='ocrx_word' id='word_1_233' title='bbox 710 2215 809 2268; x_wconf 84' lang='lat' dir='ltr'>Sueten.</span> <span class='ocrx_word' id='word_1_234' title='bbox 821 2215 884 2268; x_wconf 75' lang='lat' dir='ltr'>Ces.</span> <span class='ocrx_word' id='word_1_235' title='bbox 901 2227 951 2280; x_wconf 79' lang='lat' dir='ltr'>to,</span> <span class='ocrx_word' id='word_1_236' title='bbox 965 2225 989 2268; x_wconf 90' lang='lat' dir='ltr'>et</span> <span class='ocrx_word' id='word_1_237' title='bbox 1000 2217 1031 2268; x_wconf 82' lang='lat' dir='ltr'>(le</span> <span class='ocrx_word' id='word_1_238' title='bbox 1040 2216 1079 2269; x_wconf 88' lang='lat' dir='ltr'>Cl.</span> <span class='ocrx_word' id='word_1_239' title='bbox 1090 2217 1201 2270; x_wconf 85' lang='lat' dir='ltr'>Grnmm.</span> <span class='ocrx_word' id='word_1_240' title='bbox 1217 2229 1265 2287; x_wconf 72' lang='lat'>¹03</span> 
     </span>
     <span class='ocr_line' id='line_1_23' title="bbox 226 2299 1266 2372; baseline 0.005 -20"><span class='ocrx_word' id='word_1_241' title='bbox 226 2299 334 2368; x_wconf 76' lang='lat' dir='ltr'>Appisn.</span> <span class='ocrx_word' id='word_1_242' title='bbox 347 2301 379 2352; x_wconf 83' lang='lat' dir='ltr'>do</span> <span class='ocrx_word' id='word_1_243' title='bbox 396 2301 425 2351; x_wconf 89' lang='lat' dir='ltr'>B.</span> <span class='ocrx_word' id='word_1_244' title='bbox 439 2299 469 2352; x_wconf 91' lang='lat' dir='ltr'>C.</span> <span class='ocrx_word' id='word_1_245' title='bbox 489 2318 514 2368; x_wconf 94' lang='lat' dir='ltr'>p.</span> <span class='ocrx_word' id='word_1_246' title='bbox 532 2299 599 2368; x_wconf 75' lang='lat' dir='ltr'>ste)</span> <span class='ocrx_word' id='word_1_247' title='bbox 612 2310 660 2352; x_wconf 80' lang='lat' dir='ltr'>tum</span> <span class='ocrx_word' id='word_1_248' title='bbox 676 2301 831 2354; x_wconf 81' lang='lat' dir='ltr'>honorificem</span> <span class='ocrx_word' id='word_1_249' title='bbox 844 2303 992 2354; x_wconf 86' lang='lat' dir='ltr'>mentionem</span> <span class='ocrx_word' id='word_1_250' title='bbox 1009 2302 1148 2370; x_wconf 84' lang='lat' dir='ltr'>injecerint,</span> <span class='ocrx_word' id='word_1_251' title='bbox 1160 2303 1266 2372; x_wconf 86' lang='lat' dir='ltr'>proiecto</span> 
     </span>
     <span class='ocr_line' id='line_1_24' title="bbox 228 2385 1265 2442; baseline 0.002 -4"><span class='ocrx_word' id='word_1_252' title='bbox 228 2403 281 2438; x_wconf 84' lang='lat' dir='ltr'>enm</span> <span class='ocrx_word' id='word_1_253' title='bbox 291 2403 341 2437; x_wconf 90' lang='lat' dir='ltr'>non</span> <span class='ocrx_word' id='word_1_254' title='bbox 350 2392 444 2436; x_wconf 75' lang='lat' dir='ltr'>etatem</span> <span class='ocrx_word' id='word_1_255' title='bbox 455 2385 540 2436; x_wconf 88' lang='lat' dir='ltr'>tulisse</span> <span class='ocrx_word' id='word_1_256' title='bbox 550 2386 656 2437; x_wconf 80' lang='lat' dir='ltr'>monime</span> <span class='ocrx_word' id='word_1_257' title='bbox 664 2385 794 2438; x_wconf 86' lang='lat' dir='ltr'>dolendum</span> <span class='ocrx_word' id='word_1_258' title='bbox 804 2396 849 2438; x_wconf 84' lang='lat' dir='ltr'>est.</span> <span class='ocrx_word' id='word_1_259' title='bbox 862 2417 898 2426; x_wconf 95' lang='lat'>—</span> <span class='ocrx_word' id='word_1_260' title='bbox 907 2387 1026 2441; x_wconf 91' lang='lat' dir='ltr'>Pollionis</span> <span class='ocrx_word' id='word_1_261' title='bbox 1037 2398 1119 2440; x_wconf 90' lang='lat' dir='ltr'>nutem</span> <span class='ocrx_word' id='word_1_262' title='bbox 1129 2389 1211 2442; x_wconf 83' lang='lat' dir='ltr'>londes</span> <span class='ocrx_word' id='word_1_263' title='bbox 1223 2391 1265 2441; x_wconf 89' lang='lat' dir='ltr'>iu-</span> 
     </span>
     <span class='ocr_line' id='line_1_25' title="bbox 227 2469 1266 2546; baseline 0.004 -23"><span class='ocrx_word' id='word_1_264' title='bbox 227 2471 314 2541; x_wconf 88' lang='lat' dir='ltr'>primis</span> <span class='ocrx_word' id='word_1_265' title='bbox 329 2469 521 2538; x_wconf 86' lang='lat' dir='ltr'>complectuntur</span> <span class='ocrx_word' id='word_1_266' title='bbox 530 2481 616 2540; x_wconf 60' lang='lat' dir='ltr'>werin</span> <span class='ocrx_word' id='word_1_267' title='bbox 634 2481 659 2523; x_wconf 84' lang='lat' dir='ltr'>et</span> <span class='ocrx_word' id='word_1_268' title='bbox 675 2479 756 2524; x_wconf 72' lang='lat' dir='ltr'>cotors</span> <span class='ocrx_word' id='word_1_269' title='bbox 767 2473 854 2538; x_wconf 72' lang='lat' dir='ltr'>Eulogo</span> <span class='ocrx_word' id='word_1_270' title='bbox 868 2473 983 2540; x_wconf 71' lang='lat' dir='ltr'>Virgilii,</span> <span class='ocrx_word' id='word_1_271' title='bbox 999 2475 1042 2544; x_wconf 82' lang='lat' dir='ltr'>qni</span> <span class='ocrx_word' id='word_1_272' title='bbox 1060 2474 1097 2528; x_wconf 91' lang='lat' dir='ltr'>illi</span> <span class='ocrx_word' id='word_1_273' title='bbox 1111 2493 1178 2545; x_wconf 80' lang='lat' dir='ltr'>oque</span> <span class='ocrx_word' id='word_1_274' title='bbox 1193 2485 1266 2546; x_wconf 79' lang='lat' dir='ltr'>atque</span> 
     </span>
     <span class='ocr_line' id='line_1_26' title="bbox 227 2556 704 2624; baseline -0.002 -15"><span class='ocrx_word' id='word_1_275' title='bbox 227 2557 330 2609; x_wconf 78' lang='lat' dir='ltr'>llorntio</span> <span class='ocrx_word' id='word_1_276' title='bbox 337 2556 429 2608; x_wconf 80' lang='lat' dir='ltr'>amicus</span> <span class='ocrx_word' id='word_1_277' title='bbox 440 2565 465 2608; x_wconf 90' lang='lat' dir='ltr'>et</span> <span class='ocrx_word' id='word_1_278' title='bbox 476 2567 591 2624; x_wconf 80' lang='lat' dir='ltr'>petronus</span> <span class='ocrx_word' id='word_1_279' title='bbox 599 2557 704 2608; x_wconf 81' lang='lat' dir='ltr'>exstitit.</span> 
     </span>
    </p>

    <p class='ocr_par' dir='ltr' id='par_1_4' title="bbox 261 2639 1266 2710">
     <span class='ocr_line' id='line_1_27' title="bbox 261 2639 1266 2710; baseline 0.003 -18"><span class='ocrx_word' id='word_1_280' title='bbox 261 2639 385 2692; x_wconf 77' lang='lat' dir='ltr'>Carminis</span> <span class='ocrx_word' id='word_1_281' title='bbox 397 2640 504 2692; x_wconf 87' lang='lat' dir='ltr'>incessus</span> <span class='ocrx_word' id='word_1_282' title='bbox 516 2641 619 2694; x_wconf 86' lang='lat' dir='ltr'>multum</span> <span class='ocrx_word' id='word_1_283' title='bbox 629 2642 752 2708; x_wconf 76' lang='lat' dir='ltr'>gravitatis</span> <span class='ocrx_word' id='word_1_284' title='bbox 762 2642 853 2707; x_wconf 73' lang='lat' dir='ltr'>habet5</span> <span class='ocrx_word' id='word_1_285' title='bbox 868 2644 894 2693; x_wconf 93' lang='lat' dir='ltr'>in</span> <span class='ocrx_word' id='word_1_286' title='bbox 905 2643 1008 2710; x_wconf 76' lang='lat' dir='ltr'>singulis</span> <span class='ocrx_word' id='word_1_287' title='bbox 1016 2645 1125 2697; x_wconf 81' lang='lat' dir='ltr'>doctrine</span> <span class='ocrx_word' id='word_1_288' title='bbox 1135 2653 1160 2698; x_wconf 88' lang='lat' dir='ltr'>et</span> <span class='ocrx_word' id='word_1_289' title='bbox 1167 2655 1266 2697; x_wconf 77' lang='lat' dir='ltr'>ornatus</span> 
     </span>
    </p>
   </div>
   <div class='ocr_carea' id='block_1_4' title="bbox 226 2719 1266 2974">
    <p class='ocr_par' dir='ltr' id='par_1_5' title="bbox 226 2719 1266 2974">
     <span class='ocr_line' id='line_1_28' title="bbox 227 2719 1266 2808; baseline 0.004 -31"><span class='ocrx_word' id='word_1_290' title='bbox 227 2723 393 2792; x_wconf 75' lang='lat' dir='ltr'>ndmimbilis5</span> <span class='ocrx_word' id='word_1_291' title='bbox 409 2719 527 2792; x_wconf 75' lang='lat' dir='ltr'>imagines</span> <span class='ocrx_word' id='word_1_292' title='bbox 543 2745 625 2779; x_wconf 88' lang='lat' dir='ltr'>rorum</span> <span class='ocrx_word' id='word_1_293' title='bbox 639 2727 791 2795; x_wconf 66' lang='lat' dir='ltr'>lectissimae,</span> <span class='ocrx_word' id='word_1_294' title='bbox 808 2730 843 2781; x_wconf 82' lang='lat' dir='ltr'>itu</span> <span class='ocrx_word' id='word_1_295' title='bbox 855 2738 882 2779; x_wconf 89' lang='lat' dir='ltr'>ut</span> <span class='ocrx_word' id='word_1_296' title='bbox 898 2729 962 2808; x_wconf 85' lang='lat' dir='ltr'>inter</span> <span class='ocrx_word' id='word_1_297' title='bbox 979 2729 1154 2798; x_wconf 79' lang='lat' dir='ltr'>perfectissime</span> <span class='ocrx_word' id='word_1_298' title='bbox 1169 2729 1266 2783; x_wconf 67' lang='lat' dir='ltr'>Horatii</span> 
     </span>
     <span class='ocr_line' id='line_1_29' title="bbox 226 2811 1266 2888; baseline 0.005 -25"><span class='ocrx_word' id='word_1_299' title='bbox 226 2812 333 2864; x_wconf 74' lang='lat' dir='ltr'>carmina</span> <span class='ocrx_word' id='word_1_300' title='bbox 340 2850 348 2877; x_wconf 96' lang='lat'>,</span> <span class='ocrx_word' id='word_1_301' title='bbox 360 2811 421 2864; x_wconf 90' lang='lat' dir='ltr'>illud</span> <span class='ocrx_word' id='word_1_302' title='bbox 432 2813 639 2868; x_wconf 71' lang='lat' dir='ltr'>ndunmmandum</span> <span class='ocrx_word' id='word_1_303' title='bbox 648 2833 767 2868; x_wconf 77' lang='lat' dir='ltr'>censeam.</span> <span class='ocrx_word' id='word_1_304' title='bbox 779 2815 840 2882; x_wconf 78' lang='lat' dir='ltr'>Qun</span> <span class='ocrx_word' id='word_1_305' title='bbox 855 2827 935 2869; x_wconf 84' lang='lat' dir='ltr'>tamen</span> <span class='ocrx_word' id='word_1_306' title='bbox 948 2818 1051 2869; x_wconf 81' lang='lat' dir='ltr'>virtutes</span> <span class='ocrx_word' id='word_1_307' title='bbox 1065 2833 1137 2887; x_wconf 82' lang='lat' dir='ltr'>preve</span> <span class='ocrx_word' id='word_1_308' title='bbox 1148 2819 1266 2888; x_wconf 79' lang='lat' dir='ltr'>iuterpre-</span> 
     </span>
     <span class='ocr_line' id='line_1_30' title="bbox 227 2897 1265 2974; baseline 0.006 -26"><span class='ocrx_word' id='word_1_309' title='bbox 227 2897 294 2950; x_wconf 87' lang='lat' dir='ltr'>tibus</span> <span class='ocrx_word' id='word_1_310' title='bbox 304 2897 444 2964; x_wconf 73' lang='lat' dir='ltr'>intellectus,</span> <span class='ocrx_word' id='word_1_311' title='bbox 458 2899 528 2968; x_wconf 81' lang='lat' dir='ltr'>pluro</span> <span class='ocrx_word' id='word_1_312' title='bbox 544 2919 617 2972; x_wconf 89' lang='lat' dir='ltr'>super</span> <span class='ocrx_word' id='word_1_313' title='bbox 631 2913 707 2972; x_wconf 78' lang='lat' dir='ltr'>poetes</span> <span class='ocrx_word' id='word_1_314' title='bbox 719 2903 821 2956; x_wconf 90' lang='lat' dir='ltr'>consilio</span> <span class='ocrx_word' id='word_1_315' title='bbox 833 2915 981 2973; x_wconf 88' lang='lat' dir='ltr'>pepererunt</span> <span class='ocrx_word' id='word_1_316' title='bbox 990 2905 1132 2974; x_wconf 88' lang='lat' dir='ltr'>opinionum</span> <span class='ocrx_word' id='word_1_317' title='bbox 1142 2913 1265 2968; x_wconf 80' lang='lat' dir='ltr'>monstra,</span> 
     </span>
    </p>
   </div>
   <div class='ocr_carea' id='block_1_5' title="bbox 227 2987 1267 3131">
    <p class='ocr_par' dir='ltr' id='par_1_6' title="bbox 227 2987 1267 3131">
     <span class='ocr_line' id='line_1_31' title="bbox 227 2987 1267 3062; baseline 0.001 -20"><span class='ocrx_word' id='word_1_318' title='bbox 227 3007 296 3060; x_wconf 73' lang='lat' dir='ltr'>qun,</span> <span class='ocrx_word' id='word_1_319' title='bbox 312 3003 387 3056; x_wconf 82' lang='lat' dir='ltr'>quum</span> <span class='ocrx_word' id='word_1_320' title='bbox 401 2987 466 3054; x_wconf 85' lang='lat' dir='ltr'>justu</span> <span class='ocrx_word' id='word_1_321' title='bbox 481 2989 643 3057; x_wconf 84' lang='lat' dir='ltr'>osplicntiooe</span> <span class='ocrx_word' id='word_1_322' title='bbox 654 2991 782 3062; x_wconf 72' lang='lat' dir='ltr'>profligare</span> <span class='ocrx_word' id='word_1_323' title='bbox 792 2993 971 3060; x_wconf 81' lang='lat' dir='ltr'>studuerimus,</span> <span class='ocrx_word' id='word_1_324' title='bbox 984 2992 1086 3045; x_wconf 87' lang='lat' dir='ltr'>ulterius</span> <span class='ocrx_word' id='word_1_325' title='bbox 1098 2992 1138 3044; x_wconf 87' lang='lat' dir='ltr'>hic</span> <span class='ocrx_word' id='word_1_326' title='bbox 1147 2992 1267 3058; x_wconf 77' lang='lat' dir='ltr'>exagitare</span> 
     </span>
     <span class='ocr_line' id='line_1_32' title="bbox 228 3074 399 3131; baseline -0.035 0"><span class='ocrx_word' id='word_1_327' title='bbox 228 3075 291 3131; x_wconf 86' lang='lat' dir='ltr'>nihil</span> <span class='ocrx_word' id='word_1_328' title='bbox 304 3074 399 3126; x_wconf 79' lang='lat' dir='ltr'>attinet.</span> 
     </span>
    </p>
   </div>
   <div class='ocr_carea' id='block_1_6' title="bbox 0 0 1491 4548">
    <p class='ocr_par' dir='ltr' id='par_1_7' title="bbox 0 0 1491 4548">
     <span class='ocr_line' id='line_1_33' title="bbox 0 0 1491 4548; baseline 0 0"><span class='ocrx_word' id='word_1_329' title='bbox 0 0 1491 4548; x_wconf 95' lang='lat' dir='ltr'> </span> 
     </span>
    </p>
   </div>
  </div>
 </body>
</html>
