2986 4554
257 324 329 410 384
535 325 579 412 Q.
606 325 816 396 flottn'rss
841 325 1017 394 PLACCI

350 463 468 531 Monte
483 459 664 530 decurrens
680 459 770 532 velut
785 461 911 550 amuis,
929 462 1053 532 imbres
1280 464 1298 520 5

350 581 461 668 Quem
479 601 578 673 super
596 591 693 647 notas
711 575 823 647 aluere
839 578 947 671 ripae,

350 697 486 784 Fervet,
502 695 747 789 immensusque
764 695 832 764 ruit
848 693 1016 790 prolimdo

611 811 775 884 Pindarus
792 838 871 884 ore:

250 1029 305 1066 rum
317 1029 451 1081 pennarum
461 1029 507 1082 ope
521 1012 634 1064 inultum
644 1029 670 1066 se
679 1013 752 1067 attul-
788 1025 830 1076 tr,
840 1024 865 1067 et
875 1033 888 1062 e
898 1015 972 1066 intur
984 1009 1039 1086 ῥοὰς
1047 1033 1061 1060 u
1071 1010 1230 1076 taunvtt,
1242 1020 1294 1079 ee,

249 1097 316 1150 leudi
339 1109 438 1151 uenatus
461 1095 608 1166 proverbiali
631 1098 752 1152 locutione
785 1097 884 1168 eieipee
895 1099 1071 1151 Demosthenes
1084 1113 1130 1165 pru
1140 1093 1294 1164 Ctesiphon-

246 1181 297 1247 J'am
307 1197 352 1249 pro
360 1181 449 1252 quovis
457 1181 588 1234 munemne
596 1199 666 1232 nuru
678 1183 752 1250 poni-
787 1193 812 1235 te
821 1183 852 1236 de
863 1184 989 1254 Pythouet
1008 1201 1022 1230 r
1036 1181 1090 1233 ries
1104 1185 1138 1248 τῷ
1152 1180 1243 1230 ntem
1258 1184 1292 1248 τῷ

248 1275 305 1325 tur3
317 1265 403 1333 quodni
411 1265 477 1316 enim
488 1281 543 1316 urm
552 1265 665 1334 plurimis
674 1266 752 1318 Inter
786 1266 865 1338 ῥήτορι
877 1269 951 1339 pluere
960 1270 1012 1318 ω’
1022 1269 1098 1335 ὑμῶν,
1106 1286 1119 1314 n
1128 1275 1175 1318 ete.
1184 1263 1232 1315 En.
1241 1264 1292 1316 Sed

248 1347 358 1416 pretibus
376 1347 413 1400 rei
435 1347 535 1414 imagini
557 1349 708 1415 insistimus,
726 1359 752 1403 et
785 1351 974 1406 liemtiuabaud
983 1352 1136 1421 aequieseeue
1146 1350 1172 1400 in
1180 1349 1227 1400 bae
1235 1347 1289 1399 rul-

247 1433 380 1484 Pindarum
401 1443 515 1502 tanquam
536 1433 619 1486 alitem
639 1434 676 1486 rel
693 1450 749 1502 eye·
784 1437 836 1502 gari
860 1434 1041 1505 comparatione
1061 1433 1180 1500 impetum
1200 1429 1288 1496 illum,

247 1518 348 1583 num,iu
357 1515 406 1569 alto
412 1517 541 1584 volentem,
549 1517 620 1570 nobis
628 1518 748 1585 fingimus,
783 1536 832 1589 quo
844 1519 966 1572 Pindarus
977 1519 1037 1585 ruit,
1045 1517 1084 1569 rel
1092 1517 1219 1568 verborum
1230 1513 1289 1568 illn-

245 1617 318 1668 quem
326 1601 416 1652 lruetrn
422 1601 511 1670 aliquis
520 1601 608 1653 neratis
618 1601 681 1654 Ienri
689 1620 747 1671 pen·
784 1621 838 1656 rum
847 1621 876 1656 ex
886 1603 1009 1672 profundo
1016 1604 1069 1670 ejus
1076 1617 1119 1654 ore
1129 1615 1289 1668 prummpeu-

246 1684 286 1735 nis
301 1685 398 1754 assequi
411 1693 530 1747 ponetur,
547 1683 674 1737 offendere
688 1701 748 1738 sane
783 1685 844 1738 tium
860 1685 910 1737 rim
927 1695 953 1739 et
967 1687 1061 1753 nnplem
1080 1681 1168 1754 eupillo
1185 1683 1294 1734 tenenti

246 1782 289 1817 nos
296 1766 370 1818 debet
383 1775 474 1820 mutata
487 1768 569 1819 etatiru
582 1767 747 1819 Pindaricum
783 1770 924 1840 equiparat.
938 1768 1062 1835 -Junge
1096 1765 1227 1818 Pindarus
1226 1765 1288 1836 fin

244 1851 329 1918 rapido
340 1861 448 1904 torrente
456 1853 617 1921 pomperano,
626 1853 748 1905 hinnuou-
783 1864 830 1912 vet,
840 1853 1076 1923 rbvnemusqueeru
1083 1847 1214 1922 pinsendo
1223 1849 1285 1907 merl.

244 1932 309 1986 auito
320 1933 749 2003 puetaiurersuprimodiritl'r'n-
783 1937 858 1988 velut
883 1935 983 1994 amnis,
1015 1947 1098 1986 monte
1124 1931 1283 1991 decumus,

243 2015 336 2070 domm
347 2017 482 2082 emnem·
494 2035 543 2071 non
555 2035 560 2068 :
573 2017 604 2068 ad
614 2017 748 2070 Pindarum
783 2037 874 2091 quern,
885 2029 932 2072 ete.
947 2047 981 2057 -
991 2017 1093 2076 Fervet,
1111 2014 1139 2066 b.
1153 2033 1177 2066 e.
1190 2015 1287 2066 fervore

234 2093 269 2153 ¹in
282 2101 332 2156 alto
342 2104 463 2158 volantem
473 2101 553 2165 eniti,
566 2103 633 2172 quod
646 2103 712 2163 lere,
725 2103 748 2154 si
783 2101 828 2155 illo
835 2111 860 2154 et
871 2112 942 2168 netu,
951 2119 1000 2171 quo
1010 2111 1085 2170 poete
1095 2099 1187 2166 surripi
1197 2108 1222 2150 et
1230 2097 1286 2164 agi-

242 2187 273 2238 ad
282 2186 384 2240 Pindari
397 2188 503 2240 rolatum
515 2187 692 2240 aeuommodare
702 2205 747 2240 ro-
783 2186 831 2237 tari
841 2185 929 2252 uolent,
938 2185 1091 2249 concitatum
1109 2185 1287 2236 aeuummodate

242 2269 327 2322 luiaeet
339 2270 477 2337 exemplum
489 2269 564 2333 Isari,
573 2270 711 2338 exprimere
719 2271 746 2323 iu
781 2267 813 2318 ad
823 2285 932 2327 animm,
944 2267 989 2337 qui
998 2267 1166 2320 rebemeutiue
1177 2285 1285 2320 nemme-

240 2367 312 2402 rersu
319 2353 400 2417 primo
413 2361 483 2418 poeta
494 2351 621 2404 debuerat.
782 2359 821 2402 tus
832 2352 930 2421 proprie
930 2351 1037 2421 servem
1045 2349 1083 2401 vel
1095 2362 1208 2402 uetuere
1215 2350 1284 2401 dirl-

179 2479 181 2484 .
275 2443 302 2485 u.
313 2431 447 2484 Pindarum
456 2432 745 2501 Lyricommlnngeprin·
781 2443 839 2499 tur,
854 2435 912 2486 bine
921 2433 981 2485 infr.
993 2433 1044 2485 Sat.
1057 2433 1079 2494 1,
1092 2444 1134 2495 tt),
1150 2443 1202 2485 ea:
1220 2449 1283 2484 rm·

237 2517 334 2582 eipem,
356 2515 499 2583 neminique
518 2514 578 2567 adeo
597 2515 742 2568 imitabilem
779 2515 987 2585 pidoservenn'us
996 2515 1063 2567 amni
1072 2514 1212 2581 Ingenium.
1223 2533 1237 2562 u
1248 2541 1283 2552 --

237 2601 295 2679 dum
312 2598 440 2650 estendere
458 2597 512 2650 vult
524 2609 610 2667 poeta,
622 2615 676 2652 ente
688 2617 742 2652 ma-
778 2599 1021 2672 rinmens.prus.nre
1030 2599 1090 2660 ruri,
1101 2599 1282 2662 Pindarue,eui

236 2681 365 2750 gnitudiue
371 2681 424 2748 ejus
434 2682 558 2749 pereulent
571 2683 743 2737 transversim·
777 2699 805 2734 ω
812 2680 981 2754 musandum,
993 2681 1072 2750 στόμα
1082 2681 1149 2749 βαθὺ,
1159 2683 1186 2732 b.
1201 2697 1224 2733 e.
1238 2699 1280 2748 oe,

235 2782 284 2835 que
296 2773 379 2832 raptu·
394 2765 420 2816 in
438 2764 522 2818 laudes
540 2765 609 2833 ejus,
628 2777 742 2835 tauquam
777 2782 871 2834 equo,
888 2777 1002 2835 tanquuru
1021 2783 1036 2819 e
1056 2767 1122 2818 loute
1139 2764 1279 2828 uberrimo,

236 2848 553 2902 sulnmbaueerornandam
562 2850 743 2902 earmluesum·
777 2849 899 2902 inmensa
914 2851 1041 2903 verborum
1057 2851 1281 2918 sententiammque

235 2931 324 2999 peieret
336 2931 461 2984 materiam
470 2966 477 2996 ,
487 2931 607 2998 eopioeiua
617 2933 738 3000 exundat,
775 2935 876 3003 profluit
886 2936 971 3005 copia,
984 2936 1112 2999 tribuitur,
1126 2936 1178 3003 ipae
1188 2934 1278 3002 exqui-

234 3015 328 3084 boeque
337 3014 389 3083 ipen
400 3013 567 3067 felicissimum
577 3013 739 3068 resePiudari
775 3019 860 3072 eitiore
872 3021 983 3083 ratione,
1002 3021 1139 3071 inruemur
1146 3015 1279 3088 profundo

235 3099 382 3152 imitatorem
393 3099 488 3167 prubtt,
500 3126 534 3136 -
543 3110 626 3150 urertte
633 3097 736 3152 decurr.
774 3117 817 3152 ore
831 3102 1065 3155 mendicum-
1074 3101 1135 3161 mr't,
1149 3101 1277 3166 exuberat,

233 3183 406 3241 velutamut'st
416 3182 530 3252 preclare
537 3180 679 3233 Pindaricae
687 3181 739 3234 rir-
775 3186 924 3254 prorumpit.
934 3215 969 3226 -
979 3186 1043 3238 Cum
1054 3184 1157 3238 Pindari
1167 3199 1277 3253 ereptu-

234 3276 318 3331 tutes,
333 3267 436 3336 spiritus
454 3266 507 3334 ejus
519 3263 737 3330 magnificentiam,
763 3265 856 3336 sutrio
867 3268 908 3321 Cl.
922 3269 1024 3322 Ms'tseb.
1043 3277 1166 3336 eomparnt
1179 3265 1276 3318 Cratini

233 3344 446 3420 beatissimamque
455 3360 569 3402 etremm
578 3349 737 3401 etverborutu
773 3350 869 3419 Fragm.
885 3355 950 3421 apud
961 3353 1031 3405 Suid.
1043 3371 1066 3404 r.
1080 3347 1275 3420 dudezebtpeuruu

232 3437 326 3505 enpiam
342 3451 391 3486 uua
407 3434 512 3500 imagine
524 3433 616 3502 poetica
627 3471 634 3496 ,
647 3433 738 3502 etipsa
772 3436 861 3504 στόμα.
871 3435 1066 3488 Cillallimaeb.
1077 3434 1111 3487 ll.
1120 3433 1204 3503 Apoll.
1213 3441 1273 3485 tot.

232 3520 370 3582 Pindarice,
382 3527 408 3572 et
420 3517 525 3570 mntculo
536 3517 617 3583 rigore
624 3533 737 3586 expressa
772 3545 807 3554 —
817 3515 907 3570 mum
918 3519 1000 3584 Quem
1013 3535 1092 3589 super
1103 3531 1176 3570 mene
1186 3517 1276 3567 aluere

232 3611 390 3672 representat
411 3612 490 3670 poeta.
518 3601 617 3654 scilieet
637 3601 736 3655 solenne
771 3601 856 3671 ripas,
874 3602 982 3669 elegante
999 3603 1120 3655 brevitate
1138 3619 1183 3671 pro
1194 3620 1200 3652 ι
1213 3601 1274 3670 qui,

230 3687 339 3740 Pindum
346 3685 449 3755 aliisque
456 3685 533 3754 poetis
540 3685 735 3754 pbnntas'matum
772 3701 820 3738 non
831 3685 942 3753 cupiens,
955 3685 1046 3754 quibus
1061 3705 1105 3754 per
1116 3688 1207 3738 imbres
1217 3703 1274 3738 auu-

231 3771 378 3836 ubertatem,
389 3769 512 3836 enpioeum
522 3769 653 3821 verborum
662 3787 735 3822 orna-
771 3768 1274 3837 msestaquna,mperalreumreljuetas

231 3861 283 3902 tum
292 3891 300 3916 ,
309 3867 420 3905 tenuram
431 3867 634 3921 numerosamque
642 3853 733 3905 oratio·
769 3852 835 3920 ripae
845 3851 999 3918 effunditur;
1013 3853 1048 3905 eie
1065 3871 1133 3923 supr.
1147 3854 1225 3916 l,od.
1239 3863 1271 3914 a,

230 3933 271 3984 ais
280 3933 456 3987 volubilitatem
470 3933 568 3986 dumiui
584 3952 732 4004 temperare.
771 3945 816 3988 to:
832 3953 846 3982 e
857 3945 914 3988 nota
930 3952 984 4006 quse
999 3937 1067 3990 aeden
1085 3937 1166 3989 iuerat
1177 3935 1273 3988 nolunt-

229 4013 579 4084 ltuslolettouannhabes,
589 4017 733 4087 Nemllll,
769 4019 826 4086 bie,
844 4039 857 4069 s
877 4033 937 4073 nuta
957 4039 1002 4090 pm
1022 4033 1151 4074 consuetu.
1173 4019 1221 4070 En.
