3002 4562
189 410 195 418 .
279 349 348 422 see
556 339 1034 430 Q.H01tst·11rLAcG1

373 490 544 556 Damnose
562 480 642 576 quid
660 504 729 550 non
747 481 914 550 imminuit
930 477 1036 554 diesi.

372 603 462 670 AEtas
479 611 675 693 parentum,
690 595 786 690 pejor
802 596 891 683 avis,
908 591 984 664 tulit

420 715 490 786 Nos
508 713 701 806 nequiores,
718 733 797 780 mox
814 707 949 777 daturos

468 827 667 922 Progeniem
686 825 898 892 vitiosiorem.

276 1064 394 1123 umbrns,
417 1071 464 1115 etc.
493 1071 602 1128 tempore
620 1059 775 1128 vespertino,
812 1056 1314 1130 agerenprozsdduueredudpaudidtnr.

275 1158 345 1201 nocte
354 1141 686 1215 appetente3quodtulgnre,
694 1151 722 1194 ut
730 1142 777 1193 de-
848 1151 891 1192 su.
911 1142 1041 1194 Damnum
1053 1141 1121 1215 quid
1128 1160 1180 1194 non
1193 1143 1320 1194 innubae

274 1233 344 1285 nebat
354 1244 467 1296 magnum
477 1234 583 1296 poetam,
595 1224 778 1278 auarusimiset
812 1221 887 1276 dt'es?
898 1225 940 1278 sed
948 1227 1009 1296 quid
1021 1228 1139 1295 temporis
1149 1243 1317 1296 mocessnnon

273 1313 425 1369 dulcissimos
435 1311 492 1364 vite
505 1310 697 1364 rustice-sensns
707 1312 777 1363 exci-
812 1309 1160 1380 corrumpituri-Dammsa
1170 1309 1316 1364 duritem-

276 1396 384 1450 tantibus
396 1393 550 1447 adumbrarit
566 1394 728 1463 imaginibus3
741 1423 777 1433 -
813 1409 858 1462 pus
871 1394 1032 1461 injuriosum,
1056 1395 1145 1448 dtmno
1165 1395 1275 1448 afficiens
1293 1407 1318 1448 et

275 1481 390 1532 Manent
406 1477 509 1530 umbras
519 1477 599 1536 {sole
618 1479 685 1530 enim
704 1479 776 1532 deoe-
802 1487 941 1532 .attenuans
951 1479 1228 1550 omnia-pejoravis,
1241 1479 1318 1531 multo
1404 1521 1409 1530 .

274 1565 349 1618 dente
364 1564 457 1616 umbra
468 1601 475 1626 ‚
489 1572 518 1615 nt
526 1561 648 1629 Virgilius
659 1563 777 1634 loquitur,
812 1561 921 1618 deterior
929 1579 1003 1632 quum
1014 1573 1073 1614 etas
1082 1563 1135 1626 illa,
1146 1579 1195 1631 qun
1206 1571 1318 1630 parentes

274 1656 394 1712 crescunt,
402 1645 554 1714 majoresque
562 1644 594 1698 de
606 1646 731 1699 montibus
739 1663 778 1700 ca·
813 1645 890 1700 nostri
909 1646 1032 1698 vixerunt.
1052 1675 1087 1687 -·
1101 1647 1253 1718 nequem,
1270 1661 1316 1698 an-

273 1727 346 1780 dunt.
358 1729 470 1800 -juga
484 1726 550 1780 dem.
563 1726 777 1799 dobusprattb
813 1717 975 1800 ti'quissimam
997 1730 1064 1782 illem
1089 1732 1248 1800 opinionem,
1270 1729 1317 1782 bo·

274 1811 543 1882 bincGrucistempns
551 1813 716 1880 vespertinum
725 1815 779 1867 dio-
814 1811 907 1864 minum
929 1822 978 1864 tam
998 1814 1107 1882 eorporis
1129 1816 1222 1882 robur,
1244 1830 1317 1883 quum

174 1893 179 1901 ’
275 1893 776 1963 tumestflodtuute,dcuturdr;'l'beocrit.
813 1895 890 1948 animi
907 1896 1086 1964 integritatem,
1104 1899 1179 1965 magis
1195 1899 1319 1967 magisque

275 1979 409 2048 V11„ue;
431 1971 505 2031 llom'.
522 1978 554 2032 11.
577 1978 776 2046 XV1,tte,cl.
813 1995 958 2049 unaqueque
979 1981 1203 2049 eruteuormmpi,
1229 1981 1256 2032 in
1274 1997 1317 2032 ma

275 2061 378 2116 Mitsclt.
396 2092 432 2102 -
451 2063 563 2117 micum
583 2074 681 2134 tempor
698 2081 780 2134 agens
815 2074 923 2132 tempora
933 2065 1319 2132 poetaaocommodarit.Lsudent

276 2147 779 2217 munerumnejucundumnumdo
815 2147 842 2200 in
859 2148 921 2200 banc
937 2149 1084 2201 senentiam
1099 2147 1169 2202 Aret.
1188 2149 1315 2202 Pbaenom.

276 2227 312 2281 sol
324 2229 420 2282 decedit
430 2247 505 2284 curru
516 2245 575 2292 suo,
591 2230 619 2281 h.
636 2247 660 2282 e.
674 2232 778 2299 oceidit,
819 2243 878 2296 12³5
891 2242 917 2284 et
928 2231 1002 2284 Hom.
1014 2231 1103 2301 odyss.
1118 2231 1156 2300 11,
1168 2243 1229 2285 ste.
1244 2242 1317 2285 ecte

276 2312 780 2381 tempusadduuens,sc.rusticis‚aperscto
818 2333 875 2367 rum
894 2316 981 2368 miram
994 2326 1070 2385 poete
1081 2318 1198 2370 virtutem
1217 2317 1244 2369 in
1257 2335 1317 2370 oon-

274 2410 348 2462 opere
368 2394 459 2447 diemo
483 2403 534 2444 tum
558 2394 776 2464 requiescentibus.
814 2398 900 2463 cinna,
917 2400 1194 2469 quabancsententiun
1211 2401 1317 2454 elotum·

275 2493 408 2544 -agerm
428 2475 544 2527 similiter
558 2476 623 2543 apud
632 2476 777 2545 Virgilium,
814 2491 867 2544 est,
886 2480 1006 2536 brevitate
1016 2483 1087 2536 facile
1095 2485 1260 2538 obtembuut
1267 2483 1317 2535 bu·

274 2556 406 2625 uuvttl,
416 2570 465 2610 st:
480 2559 605 2611 «Lucifer
615 2559 706 2614 aluum
714 2561 780 2614 diem
817 2565 941 2620 munitatis
950 2568 1062 2622 studiosi.

311 2923 443 2978 Aruernis.
464 2925 503 2980 Ad
514 2929 670 2995 licentiores,
684 2933 775 3002 quibos
787 2943 839 2987 tum
854 2937 971 3005 temporis
984 2937 1122 3006 precipites
1142 2937 1169 2989 in
1185 2937 1317 3006 perniciem

275 3016 313 3081 agi
322 3024 444 3082 ruperant
452 3015 573 3080 Romani,
589 3037 683 3084 moros,
694 3023 835 3090 pertinebat
846 3025 959 3096 inprimis
972 3026 1071 3078 deorum
1085 3035 1221 3080 contemtus
1233 3037 1259 3080 et
1269 3027 1319 3078 rita
1359 3073 1364 3082 .

276 3099 440 3154 libidinosior.
458 3101 498 3153 Ab
510 3103 556 3154 bac
566 3104 641 3170 igitur
652 3107 964 3174 perniciosissims'morum
976 3111 1113 3180 cormptela
1122 3114 1180 3164 dum
1194 3113 1320 3181 populares

275 3206 332 3240 suos
341 3206 440 3242 avocare
447 3193 527 3244 studet
537 3193 562 3243 in
569 3194 615 3244 boo
622 3196 730 3247 carmine
735 3208 817 3266 poeta,
825 3201 931 3268 primum
942 3201 1009 3268 deos,
1024 3218 1127 3270 quorum
1138 3201 1229 3252 mltum
1240 3199 1320 3251 adbuc

277 3274 439 3344 neglexerint,
450 3295 498 3329 non
511 3278 587 3331 solum
597 3281 796 3352 variarumque
802 3285 852 3352 jam
862 3287 957 3354 experti
966 3287 1027 3350 sint,
1037 3285 1199 3338 calamitatum
1209 3294 1320 3337 auctores

278 3363 371 3426 luisse,
388 3365 430 3416 sed
441 3365 537 3419 eosdem
550 3367 628 3434 multo
638 3371 747 3436 graviore
760 3372 835 3441 mala,
849 3375 898 3426 niei
910 3375 1007 3427 relectis
1018 3393 1102 3428 eorum
1118 3373 1212 3443 templis
1221 3373 1252 3424 od
1263 3373 1319 3441 pri-

276 3451 368 3503 stinum
382 3453 481 3521 pietatis
493 3456 635 3508 exercitium
648 3458 783 3526 redierint,
801 3461 831 3512 iis
850 3463 1000 3516 immissurus
1014 3481 1067 3516 esse
1077 3462 1201 3516 ostendit:
1215 3459 1321 3528 deinde,

277 3547 304 3590 ut
315 3539 479 3608 flagitiorum,
492 3543 582 3611 quibus
595 3543 673 3598 libere
687 3565 752 3600 nunc
762 3548 915 3618 polluantur,
933 3552 1111 3620 turpitudinem
1127 3551 1159 3604 iis
1174 3561 1232 3604 ante
1241 3549 1322 3604 oculos

276 3633 365 3691 ponat,
383 3632 432 3675 tam
447 3625 588 3680 inhonestas
595 3667 603 3696 ,
619 3631 709 3699 quibus
725 3633 811 3702 puelle
823 3651 838 3686 a
851 3643 935 3688 tenere
947 3636 1005 3688 inde
1018 3646 1088 3688 etate
1100 3636 1131 3688 ad
1141 3636 1270 3688 libidinem
1279 3634 1322 3703 ju-

275 3723 348 3760 venes
359 3708 473 3778 pellicere
488 3712 597 3779 soleant,
610 3727 691 3780 ortes,
708 3735 781 3787 quam
801 3717 920 3782 infamia,
936 3738 990 3788 que
1008 3723 1122 3774 licentius
1135 3737 1227 3773 nuncu
1240 3719 1323 3788 nuptis

275 3793 450 3859 admittuntur,
462 3795 579 3848 describit
590 3799 709 3853 adulteria
718 3821 725 3869 ς
735 3802 850 3870 denique,
863 3814 891 3853 ut
903 3821 959 3856 cum
973 3807 1067 3873 pudore
1079 3807 1232 3874 intelligant,
1242 3819 1322 3872 quau-

276 3886 353 3931 tuma
365 3879 482 3946 majorum
495 3898 592 3936 suorum
607 3885 689 3938 indole
698 3898 723 3938 et
733 3889 866 3940 virtutibus
879 3889 1094 3958 degeneraverint,
1108 3892 1226 3957 breviter,
1237 3888 1322 3958 quales

198 4036 208 4058 ι
275 3963 313 4015 illi
324 3968 374 4018 nati
385 3978 412 4019 et
422 3969 517 4021 edueati
531 3971 639 4037 luerint,
655 3987 834 4029 commemorat.
842 4007 875 4016 -
885 3977 989 4044 Auenti
998 3981 1097 4050 quidem
1111 3981 1136 4032 in
1151 3990 1202 4033 toto
1211 3979 1258 4032 boe
1267 3994 1323 4032 uer·
