2892 4558
214 297 283 370 508
338 372 343 383 ,
491 298 535 387 Q.
561 301 771 370 uousru
794 299 974 370 rniccr

403 439 518 506 iacere
535 434 688 531 pulvillos
705 451 842 508 smantt

307 550 476 624 illitterati
492 579 572 624 num
589 555 699 624 miuus
717 557 812 626 nervi
828 557 956 650 rigent,

403 673 558 744 Minnsve
572 671 709 769 languet
725 673 911 745 fascinum?

306 791 409 882 Quod
425 807 462 863 ut
477 793 622 888 superbo
638 792 858 889 proroeeenh
875 791 1030 888 inguine,
1426 847 1427 874 ,

299 981 305 990 ,
404 913 474 981 Ore
491 909 757 1018 adlaborandum
774 925 826 980 est
844 909 916 980 tibi.
1217 929 1264 968 πο

212 1148 295 1202 dndtl
312 1150 571 1220 -mmjacers,
587 1146 658 1218 quasi
676 1147 713 1202 sic
746 1143 1258 1213 relmmprineadamimihiesodem

210 1232 289 1300 jacere
298 1232 347 1284 sibi
355 1231 459 1300 placeat.
471 1259 505 1272 -
513 1231 642 1284 liblssmtr'
649 1249 712 1284 num
747 1245 820 1282 sensu
828 1229 1031 1300 accipiendi,qno
1041 1229 1257 1300 inlrasnscr'num.

211 1317 306 1375 mriaua,
317 1324 363 1368 etc
374 1313 502 1378 Horatius,
510 1323 538 1367 ut
546 1314 652 1382 ridetur,
663 1311 714 1366 vult
748 1311 875 1364 Dacierius
892 1313 955 1364 male
967 1310 1011 1364 dat
1022 1311 1157 1365 rilr'tsemcoe
1167 1315 1200 1367 de
1210 1333 1259 1368 sano

210 1397 307 1450 dicere:
320 1396 388 1450 Num
400 1407 471 1466 potas
480 1413 566 1449 nerrcs
575 1395 713 1449 insmdirs-
749 1391 1084 1464 ingeniolis-sarcinam,
1092 1397 1259 1468 departeqna

212 1497 267 1532 rum
282 1479 478 1548 hominum,qni
488 1480 590 1532 minime
600 1479 712 1548 philoso-
747 1479 944 1532 sisimirus-
955 1479 1078 1550 superbe,
1094 1483 1200 1550 superbe
1210 1501 1259 1536 re·

211 1561 270 1632 phin
289 1572 333 1614 aut
350 1561 430 1614 literis
447 1571 594 1628 tanguntur,
612 1561 712 1628 minus,
749 1560 855 1616 tularnm
867 1561 985 1616 libidines
997 1566 1151 1634 repudiante.
1163 1568 1260 1621 -Ors

210 1643 712 1714 sublatoillolibmrumnpparstu,relri-
747 1643 950 1700 adlabornrrdm
959 1660 996 1710 esa
1004 1647 1064 1713 tr'dr';
1072 1649 1105 1704 de
1114 1652 1261 1720 turpissimo

209 1742 274 1793 gers,
283 1727 322 1779 rel
331 1727 456 1794 languere.
466 1726 534 1794 Quid
543 1727 608 1781 enim
618 1727 677 1779 libri
687 1737 712 1780 et
747 1731 795 1784 isto
812 1730 926 1784 libidinis
940 1745 1029 1798 genere
1040 1733 1095 1789 ride
1105 1735 1174 1788 Suet.
1190 1736 1253 1790 Tib.

210 1809 711 1866 doctrinasdlibidinemrelescitandam
746 1831 800 1884 cap.
814 1823 859 1869 ts.
872 1815 920 1870 En.

245 2175 378 2230 Asanrsrs.
400 2177 430 2230 in
445 2177 514 2230 nullo
528 2179 637 2232 carmine
652 2179 728 2246 magis
743 2177 869 2248 pudicitiae
883 2185 910 2231 et
926 2176 1062 2231 bonesmis
1078 2177 1141 2244 leges
1153 2174 1257 2228 violasse

210 2265 308 2318 ridetur
315 2265 445 2332 horatius,
454 2282 527 2336 qrram
540 2265 566 2317 in
577 2265 637 2330 hoc,
649 2267 692 2318 ubi
705 2275 802 2335 turpem
815 2265 952 2318 libidinose
961 2281 1022 2317 anus
1032 2263 1135 2318 sormam
1144 2263 1257 2334 pudenda

209 2351 282 2419 plane
293 2351 414 2420 protervia
422 2349 567 2420 descriptam
578 2351 655 2402 dedit.
670 2349 731 2418 Quae
745 2350 845 2421 quidem
858 2351 980 2419 protervia
996 2348 1055 2401 licet
1070 2349 1186 2401 lectorum
1202 2349 1257 2400 mri-

210 2455 259 2508 qne
267 2474 275 2504 ,
284 2438 327 2507 qui
337 2453 386 2489 non
394 2435 461 2488 omni
469 2437 605 2488 honestatis
615 2453 688 2488 sensu
697 2437 829 2488 destitutus
840 2437 886 2504 sit,
896 2435 1027 2506 displicere
1037 2435 1140 2488 omnino
1152 2444 1179 2488 et
1191 2453 1258 2487 nan-

211 2541 276 2577 seam
284 2540 367 2575 creare
374 2523 478 2584 debeat,
488 2521 572 2573 eadem
584 2531 664 2573 tamen
679 2523 773 2588 rotatis,
785 2539 834 2594 qna
848 2523 894 2576 hoc
906 2539 1005 2576 carmen
1019 2523 1138 2592 scriptum
1152 2531 1206 2588 est,
1221 2521 1258 2574 li-

207 2605 289 2662 eentia
298 2614 324 2658 et
333 2607 431 2672 ingenio
439 2605 549 2658 excusari
557 2605 734 2674 quodammodo
747 2623 816 2675 posse
828 2607 935 2660 videtur.
954 2607 1067 2660 Fortasse
1076 2623 1172 2678 quoqne
1182 2607 1259 2662 totins

209 2691 284 2760 hujus
297 2691 414 2744 carminis
426 2689 555 2759 spurcities
569 2687 716 2748 Archilocho
731 2691 768 2744 rel
784 2691 828 2744 alii
851 2703 931 2761 poete
947 2707 1040 2759 gracco,
1053 2709 1125 2762 quem
1140 2691 1259 2744 Horatius

209 2777 340 2847 expressit,
349 2775 480 2829 tribuenda
490 2777 666 2844 est-Fingit
676 2789 757 2831 autem
768 2788 848 2846 poete
858 2777 964 2830 vetulam
973 2777 1080 2848 aliqmm
1091 2795 1122 2830 ex
1131 2793 1158 2828 se
1165 2777 1260 2846 quaesi·

210 2865 291 2928 risse,
302 2863 362 2935 quid
378 2865 426 2928 sit,
436 2863 503 2933 quod
515 2863 545 2915 ad
562 2863 691 2917 libidinem
704 2881 784 2918 aecum
795 2863 954 2918 exercendam
964 2864 1080 2930 languere
1089 2879 1155 2916 nunc
1165 2873 1192 2916 et
1203 2872 1257 2915 tor-

210 2968 269 3024 pere
279 2949 397 3022 incipiat?
408 2949 549 3019 Respondet
561 2951 637 3018 igitur
647 2952 671 3004 ei
684 2953 711 3004 in
722 2951 768 3004 hoc
780 2951 905 3018 carmine,
917 2961 944 3004 et
952 2949 1058 3022 torporis
1067 2950 1106 3004 sui
1116 2966 1215 3016 causas,
1225 2949 1257 3002 ab

210 3039 272 3092 anili
281 3039 334 3106 ejus
344 3037 496 3105 turpitudine
505 3035 606 3106 petitas,
616 3035 757 3104 petulanter
765 3037 856 3106 aperit.

246 3125 344 3178 Scilicet
360 3125 407 3176 hoc
424 3139 521 3176 carmen
539 3123 632 3192 pariter
649 3134 673 3174 et
693 3123 759 3175 inira
771 3123 942 3176 duodecimum
961 3120 1034 3189 hujus
1052 3122 1113 3176 libri
1131 3125 1157 3177 in
1174 3123 1256 3177 animo

126 3203 129 3210 Α
211 3212 300 3264 habuit
312 3225 412 3264 severus
425 3208 526 3278 pudoris
540 3217 567 3261 et
577 3208 734 3279 ,ingeniorum
745 3209 822 3276 judex
834 3208 876 3262 ille
884 3207 1067 3276 Quintilianus,
1076 3225 1163 3278 quum
1173 3209 1219 3260 lib.
1231 3209 1255 3274 l,

210 3315 264 3367 cap.
283 3307 315 3361 8,
332 3295 345 3368 §
362 3308 392 3361 o,
410 3297 543 3350 scriberet:
558 3293 714 3348 «Horatium
728 3296 755 3347 in
770 3296 915 3364 quibusdam
930 3296 1005 3348 nolim
1019 3295 1192 3364 interpretari3
1205 3317 1218 3346 r
1231 3308 1255 3350 et

210 3401 331 3438 mnecnm
341 3382 384 3436 illo
392 3383 498 3435 libenter
509 3381 628 3448 iecissem,
639 3381 688 3433 nisi
699 3381 749 3448 jam
763 3381 789 3434 iu
801 3382 946 3450 prefatione
958 3381 1085 3435 iuvenalis
1095 3384 1182 3449 nostri,
1194 3383 1254 3447 (rid.

212 3487 267 3541 pag.
281 3487 308 3522 rx
319 3479 345 3522 et
355 3468 393 3539 x,)
410 3471 457 3522 hoo
470 3468 539 3537 quasi
555 3469 649 3522 crimen
665 3467 768 3520 editoris
784 3485 839 3522 orm
855 3469 956 3536 optimis
973 3485 1101 3522 commune
1115 3468 1254 3533 malcaim,

211 3558 316 3628 plurima
325 3557 483 3622 monuissem,
490 3571 544 3624 qua
556 3571 595 3606 me
605 3563 780 3624 repugnantem
791 3564 817 3606 et
827 3555 931 3606 inritum
941 3557 972 3607 ad
984 3556 1047 3608 hanc
1059 3556 1177 3608 lubricam
1188 3555 1256 3608 ‹titt-

210 3645 331 3714 cilemque
345 3642 509 3696 conditionem
522 3651 651 3707 cogerem:
670 3643 709 3694 coi
724 3641 824 3711 quidem
836 3651 865 3694 ut
875 3641 1000 3710 ignoscant
1011 3642 1123 3696 benmli
1137 3641 1252 3704 lectores,

214 3732 302 3786 iterun
314 3740 387 3801 atquc
398 3729 488 3782 iterum
501 3743 597 3798 precor.
612 3727 661 3781 En.
