2838 4550
218 307 261 427 52'
500 353 543 438 Q.
570 349 779 419 nonmn
805 349 984 418 runem
1016 339 1019 348 ’

217 497 289 565 Nec
303 483 454 564 tenerum
467 489 615 585 Lycidan
630 488 813 576 mirabere,
827 511 892 580 quo
905 486 990 556 calet
998 488 1155 581 juventus

266 613 364 683 Nunc
378 611 506 697 omnis,
523 624 557 677 et
570 632 647 678 mox
662 607 810 701 virgines
826 606 997 698 tepebunt.
1228 620 1266 658 ²⁰

215 833 311 904 Lycide
339 831 527 902 pulcritudinem
556 829 680 881 adduntur
706 844 720 878 s
754 825 863 893 jurabit.
877 825 1102 894 pruterSepplr.c.
1116 821 1264 892 meeum-

215 914 573 989 poetu.-·reperr,nonhicde
582 929 664 966 rmore
673 912 720 964 fri·
755 911 814 962 dum
826 906 900 962 dnul.
914 910 957 960 Br.
971 920 989 960 t.
1002 909 1029 971 1,
1045 907 1106 978 cr);
1125 907 1262 976 Asolepird.

214 997 490 1070 gesoenmutapudov.
501 995 586 1049 Amor.
596 995 631 1056 11,
641 1007 665 1058 s,
674 1006 718 1057 ss,
755 993 802 1062 Ep.
813 1005 844 1044 es
855 1012 863 1058 ;
874 991 947 1045 Anat.
957 993 1000 1044 Br.
1010 1002 1028 1043 t.
1039 992 1064 1054 l,
1073 1010 1098 1061 p.
1110 1003 1171 1044 ers.
1184 990 1261 1042 luth.

212 1086 298 1138 redde
313 1084 401 1154 pudico
411 1099 439 1134 uc
451 1077 719 1144 verecundorirginum
755 1075 802 1128 Gr.
823 1085 841 1128 t.
858 1077 889 1139 1,
907 1094 932 1146 p.
952 1087 1001 1130 tte
1023 1074 1072 1145 (ed.
1082 1075 1171 1144 luc.);
1186 1075 1261 1126 Strut.

214 1184 310 1228 rmore,
323 1164 433 1236 opposito
448 1162 512 1231 turpi
523 1179 551 1212 ec
563 1161 721 1213 immoderato
757 1161 805 1230 Ep.
819 1172 867 1226 003
882 1159 960 1213 Anth.
974 1160 1021 1212 Gr.
1038 1171 1055 1211 t.
1068 1159 1121 1222 lll,
1137 1157 1211 1228 pseu
1221 1198 1227 1222 ,
1239 1169 1264 1210 et

212 1249 327 1316 iuvenum
340 1246 417 1299 umori
430 1247 474 1317 qui
487 1245 580 1297 colem.
599 1243 721 1303 Ceterum
758 1243 936 1314 eclesiamque
944 1254 981 1295 est
993 1245 1017 1295 in
1029 1242 1166 1308 Theognid.
1176 1261 1199 1292 r.
1212 1252 1259 1294 eut

214 1331 239 1382 in
256 1331 401 1384 sententium
416 1329 503 1382 hurum
515 1346 553 1379 rr.
571 1343 722 1398 comparasse
760 1325 867 1395 (Gnom.
879 1323 995 1380 Brunclr.
1006 1344 1030 1395 p.
1044 1325 1100 1394 ce).

165 1631 169 1640 .
249 1585 381 1638 Anmrsrs.
401 1583 507 1656 Carmen
524 1585 570 1636 hoo
587 1595 625 1636 est
640 1602 670 1638 ex
688 1601 772 1638 eorum
789 1601 891 1652 genere,
904 1600 959 1653 qun
971 1581 1134 1652 descriptione
1151 1582 1263 1652 expedito

210 1672 327 1738 ¹lectorem
341 1669 542 1738 facile-cupiunt,
558 1670 796 1739 eumque-suauitate
810 1670 941 1736 imaginum
958 1686 986 1720 uc
1003 1669 1195 1730 sententiarum,
1208 1686 1263 1738 que

116 1815 121 1827 ,
212 1755 460 1836 sponteseobtulisse
470 1757 599 1819 ridentur,
615 1757 718 1809 veritate
727 1756 1030 1831 moranturccdeliuiunt.
1045 1754 1167 1807 scribitur
1175 1756 1221 1806 hoc
1233 1757 1263 1806 ud

213 1849 242 1900 1..
257 1846 367 1898 Sextium
377 1883 384 1907 ‚
394 1844 437 1914 qui
449 1845 475 1896 in
484 1843 555 1895 Bruti
566 1845 677 1913 portibus
689 1845 777 1908 lueret,
789 1844 857 1898 illius
866 1853 972 1913 queretur
983 1861 1011 1896 ec
1022 1854 1153 1912 perpetuus
1166 1860 1262 1907 comem

213 1949 269 1988 mox
279 1931 361 1994 etium,
369 1947 453 2000 quum,
462 1929 564 1982 liomum
579 1946 697 1991 merrus,
710 1930 737 1982 in
748 1930 880 1982 amicitiam
890 1928 996 1996 Augusti
1006 1939 1116 1996 receptus
1122 1940 1196 1996 esset,
1203 1947 1263 1982 oon-

211 2029 277 2072 strus
288 2020 356 2072 illius
366 2019 445 2072 cultor
454 2027 528 2087 utque
536 2017 655 2070 laudator.
667 2017 729 2069 vid.
743 2017 775 2070 de
787 2015 880 2070 Amicis
886 2016 974 2069 llorut.
990 2026 1009 2066 t.
1023 2017 1075 2084 111,
1085 2035 1111 2085 p.
1124 2028 1264 2079 ermom

211 2107 271 2159 edit.
283 2105 377 2159 Jcmsd
387 2105 467 2175 ipsum
472 2121 569 2162 carmen
574 2103 713 2156 secuntus:
724 2104 756 2154 ab
765 2113 821 2156 ortu
828 2103 905 2166 ueris,
918 2103 987 2171 cujus
993 2101 1125 2172 descriptio
1135 2103 1264 2158 udltnlicu

211 2192 317 2258 regionis
323 2177 435 2244 neumam
444 2199 517 2258 utque
528 2177 652 2256 ingenium
665 2189 779 2258 preclaro
787 2199 946 2258 attemperate
953 2197 997 2251 est,
1006 2205 1152 2258 progressus,
1163 2191 1265 2259 ejmque

211 2278 329 2329 suavitate
338 2286 411 2344 utque
420 2275 518 2334 lentitia,
526 2291 575 2343 qua
584 2284 658 2327 totum
668 2285 779 2326 naturam
791 2274 912 2344 perfudit,
921 2275 1035 2342 periurus
1046 2275 1099 2343 ipse
1108 2285 1180 2344 etque
1189 2277 1264 2329 eslii·

209 2365 381 2434 lurotuspoetu
387 2364 483 2416 eosdem
495 2364 572 2414 unimi
579 2381 665 2415 sensus
672 2365 699 2415 in
707 2365 812 2416 amicust
819 2381 890 2416 suum
900 2364 1186 2426 tmnsiunderecouatur,
1193 2382 1265 2416 enm-

209 2449 296 2519 quesd
310 2448 504 2516 intendensque
516 2463 617 2499 remum
628 2457 723 2516 tempus
733 2465 813 2501 seorm
825 2449 895 2510 leret,
909 2449 1008 2500 delicies
1017 2459 1089 2517 utque
1098 2449 1263 2516 jucunditates

209 2535 295 2586 sedulo
303 2535 424 2586 hortatur.
435 2533 502 2585 lline
519 2533 625 2586 naturali
641 2535 818 2587 sententiarum
829 2535 917 2588 ordine
929 2535 960 2586 ud
971 2551 1097 2586 commune
1107 2535 1139 2586 de
1147 2534 1204 2586 vitre
1216 2553 1262 2588 ro-

211 2621 346 2689 luptutibus
353 2613 473 2672 nectendis
483 2630 630 2688 preceptum
637 2619 774 2684 deducitur,
784 2621 922 2674 rationibus
931 2622 962 2672 cb
974 2621 1049 2689 ipsius
1062 2621 1118 2670 viro
1130 2621 1262 2684 breuitate,

210 2707 373 2776 omnibusque
386 2707 508 2775 pmpositu
519 2707 641 2760 moriundi
651 2707 805 2770 conditione,
818 2719 842 2760 et
851 2709 916 2777 qnod
929 2715 1095 2777 postmortem
1106 2707 1169 2759 nihil
1179 2745 1186 2770 ,
1196 2711 1262 2778 quod

129 2781 134 2792 '
209 2803 304 2858 gratum
312 2809 340 2846 ao
345 2794 479 2862 jucundum
493 2795 535 2861 sit,
549 2793 653 2864 amplius
662 2809 761 2862 sperare
771 2795 852 2860 liceat,
861 2793 1006 2862 desumptis.
1017 2794 1048 2845 ln
1059 2805 1202 2860 argumento
1212 2805 1260 2847 tarn

210 2877 315 2948 simplici
332 2894 347 2929 s
361 2879 506 2932 tractatione
517 2871 590 2949 elque
601 2879 735 2932 elocutione
751 2889 828 2948 metu
849 2880 963 2948 inprimis
979 2879 1031 2931 luus
1046 2879 1175 2948 querende
1189 2890 1260 2944 erut,

211 2980 312 3035 ermque
323 2981 441 3018 summum
454 2967 564 3018 unanimi
577 2967 657 3036 intpp.
668 2983 788 3018 consensu
797 2983 866 3018 suum
877 2967 924 3018 hoc
932 2967 1041 3018 carmine
1051 2966 1110 3017 lecit
1119 2967 1240 3018 Horatius.

247 3053 347 3106 Grecos
356 3056 467 3108 notiones
477 3055 503 3107 iu
513 3073 542 3108 eo
551 3057 634 3126 plures
641 3056 818 3125 deprehendas,
826 3055 891 3107 unde
899 3071 1001 3120 grmmm
1009 3054 1112 3108 Horatio
1119 3065 1175 3106 ente
1181 3055 1262 3107 oculos

210 3139 288 3192 luisse
297 3139 435 3208 exemplum
448 3157 497 3192 nou
512 3141 594 3209 inepte
603 3141 725 3208 conjicies.
737 3138 817 3206 Quom
829 3155 890 3191 rnna
905 3156 977 3200 mm,
992 3149 1066 3208 utque
1082 3147 1178 3208 cpoetu
1188 3139 1265 3207 lyrico

210 3224 290 3276 aliene
302 3225 424 3278 Sunadoui
435 3237 461 3277 et
469 3226 565 3292 Ducerii
573 3227 605 3278 sit
614 3226 706 3294 opinio,
720 3226 849 3278 llorutium
859 3223 888 3276 ud
901 3225 974 3276 iustos
982 3241 1101 3286 romanos,
1109 3225 1152 3293 qui
1164 3223 1263 3276 initium

211 3308 309 3362 verisd.
322 3309 347 3361 V
360 3310 398 3361 ld.
409 3310 483 3362 Febr.
497 3311 615 3378 postridie
630 3311 763 3374 Faunuliu,
776 3320 802 3362 er
814 3327 870 3362 mox
883 3311 915 3376 (a.
931 3309 955 3359 d.
968 3309 1022 3360 ΧΗ
1035 3309 1088 3361 Col.
1103 3309 1191 3378 Mart.)
1212 3309 1264 3359 Fc-

140 3401 146 3414 '
213 3394 274 3448 rslie
284 3397 419 3459 luberent,
430 3397 538 3448 studium
547 3413 617 3448 suum
631 3397 656 3448 in
667 3399 791 3465 pungendo
804 3397 850 3449 hoc
860 3395 976 3448 Carmine
985 3395 1104 3448 direxisse
1116 3396 1264 3446 existiman-

214 3481 291 3544 tium,
305 3480 375 3533 iccile
388 3479 542 3548 intelligitur.
