2994 4558
483 325 576 394 LIB.
603 323 669 409 IV,
695 321 847 391 CARM.
873 322 976 392 XIV.
1186 315 1251 401 461

310 461 490 558 Nilusque,
508 477 541 532 et
557 464 658 550 Ister,
675 474 708 530 te
724 458 861 554 rapidus
875 459 1001 554 Tigris,

356 581 404 652 Te
422 578 605 669 belluosus,
623 579 681 672 qui
698 577 837 647 remotis

407 699 599 792 Obstrepit,
616 700 788 783 Oceanus,
805 693 994 764 Britannis:

310 819 442 886 Tenon
459 815 609 908 paventis
626 812 745 882 funem
760 809 895 900 Gallim,

311 936 476 1028 Duraeque
495 929 591 1002 tellus
610 929 704 1001 audit
719 927 857 1000 Iberiae:

360 1054 407 1122 Te
423 1051 512 1122 caede
529 1050 712 1146 gaudentes
730 1046 904 1144 Sycambri

410 1167 613 1261 Compositis
629 1180 830 1236 venerantur
847 1163 959 1233 armis.

217 1382 273 1439 lasa
285 1383 459 1438 remotissimas
467 1384 617 1440 devictorum
626 1385 659 1436 ab
669 1383 724 1437 Aa·
759 1379 1034 1449 V1,s·1;Varr.L.L.
1048 1379 1193 1446 1V,so.-
1202 1380 1265 1434 llas-

216 1478 285 1536 gasto
301 1470 444 1539 populorum
464 1481 558 1536 terras,
577 1487 622 1538 per
637 1469 723 1524 fluvios
759 1469 840 1536 piceae
853 1475 934 1518 autem
950 1464 1010 1517 Hor.
1020 1464 1219 1518 sideturannum
1228 1463 1261 1516 Π,

216 1568 259 1604 eas
267 1551 395 1618 abuentes,
407 1553 511 1606 solemni
520 1562 646 1620 poetamm
657 1567 724 1606 more
758 1551 789 1604 C.
803 1549 998 1611 DCCXXXIV,
1017 1566 1067 1618 quo
1086 1565 1129 1602 rex
1145 1548 1265 1616 Tigranes

217 1635 328 1703 designat
333 1656 341 1700 ;
361 1654 405 1704 per
416 1637 507 1688 Nilum
517 1637 618 1706 quidem
628 1637 723 1708 AEgyp-
759 1633 886 1689 Armeniis
895 1637 928 1688 ab
940 1632 1052 1701 Angusto
1060 1634 1132 1687 datus
1145 1643 1198 1701 αῖς
1211 1634 1262 1686 sid.

218 1727 278 1781 tum,
288 1737 333 1788 per
341 1721 437 1770 Istrum
448 1718 556 1786 Daciam,
566 1738 611 1789 per
623 1720 723 1790 Tigntn
758 1721 806 1774 Dio
816 1719 887 1782 LIV,
899 1718 1107 1776 n-hettuosus,
1118 1717 1207 1772 belluis
1215 1720 1267 1790 sire

218 1801 530 1873 Armeniam—sontium
540 1803 592 1875 qui
599 1801 724 1855 celatori-
758 1803 860 1856 balanis
871 1811 976 1864 sentens,
988 1800 1139 1872 μεγακήπής
1149 1801 1200 1854 vid.
1212 1802 1262 1854 Pli.

217 1886 301 1956 gisnes.
315 1886 370 1938 Nili
380 1887 470 1949 fontes,
480 1904 542 1956 quos
550 1896 644 1938 veteres
653 1886 725 1952 igno·
759 1887 810 1949 tx,
824 1896 848 1938 s.
865 1885 901 1937 De
910 1884 981 1936 victis
992 1885 1124 1936 Britannis
1132 1885 1182 1937 vid.
1195 1903 1265 1955 supr.

220 1987 286 2022 rasse
302 1979 410 2035 constat,
426 1969 491 2020 unde
508 1968 625 2020 Horatius
638 1967 725 2019 Nilum
761 1968 815 2034 111,
828 1979 853 2030 s,
867 1979 892 2020 3.
905 1995 939 2006 -
952 1967 1046 2018 Gallim
1061 1985 1113 2018 non
1124 1986 1185 2038 pas.
1193 1968 1264 2039 fun.

221 2071 235 2100 e
250 2053 356 2105 fontium
374 2052 481 2118 origines
496 2050 589 2111 celare,
602 2070 615 2099 s
627 2049 723 2101 Tibull.
761 2049 793 2102 de
811 2050 869 2102 lorti
881 2048 1027 2113 Gallorum,
1040 2061 1143 2104 mortem
1161 2051 1228 2104 baud
1241 2054 1268 2106 ia

220 2135 247 2202 1,
263 2145 289 2200 7,
308 2144 357 2201 ss,
372 2144 469 2202 «caput
484 2151 555 2185 suum
572 2132 680 2185 occulere
691 2152 724 2198 s;
763 2132 1266 2204 bellisexpascsoentium‚nnimoeicos.

221 2219 296 2273 ona.
310 2219 396 2272 Amor.
408 2217 465 2280 ru,
483 2227 564 2282 nn
577 2257 583 2280 ,
596 2237 610 2265 «ι
623 2217 726 2285 passsam
762 2219 792 2270 n.
810 2217 844 2270 o.
860 2217 917 2285 vs,
935 2229 967 2270 ss
984 2233 1052 2286 seqq.
1072 2215 1165 2270 erran.
1178 2217 1213 2270 v.
1233 2217 1268 2272 u.
1379 2195 1381 2208 '

220 2313 295 2356 tante
314 2319 382 2372 aqum
401 2301 503 2354 celares
526 2300 562 2352 ait
582 2297 631 2368 (cl.
651 2297 725 2352 Ouid.
764 2300 827 2362 xit,
839 2311 882 2352 25.
897 2299 990 2352 Lucan.
1003 2300 1031 2362 1,
1045 2310 1096 2352 sno
1109 2319 1116 2350 z
1131 2319 1145 2347 ι
1203 2300 1271 2370 Quo.

222 2387 325 2440 Metam.
346 2386 389 2446 11,
411 2394 478 2446 αδδς
496 2384 589 2436 Lucan.
604 2382 644 2444 Χ,
659 2392 727 2449 ¹903
763 2383 806 2435 ille
824 2383 939 2434 timorum
958 2382 1099 2451 Maximus,
1118 2386 1184 2438 baad
1202 2397 1273 2454 urget

222 2471 289 2522 Pila.
304 2471 341 2534 V,
359 2471 406 2540 s),
426 2479 514 2522 nostras
532 2467 728 2519 denumeratis
762 2465 807 2517 leti
825 2474 922 2517 metus:
945 2465 1003 2518 inde
1020 2467 1108 2519 ruendi
1125 2466 1156 2519 In
1176 2468 1269 2522 lenum

223 2555 374 2620 bominibus,
381 2565 409 2604 ut
416 2553 570 2619 investigatos
576 2552 727 2617 detegerent,
762 2565 833 2601 mens
846 2565 925 2618 prona
936 2550 1011 2609 viris,
1026 2551 1163 2622 animeque
1173 2571 1272 2623 capaces

223 2637 345 2702 contigit,
365 2637 415 2686 rid.
437 2637 543 2705 Boem'g.
566 2665 600 2675 -
620 2632 728 2704 rupidus
763 2631 869 2685 Mortis:
882 2643 907 2684 et
919 2633 1032 2699 ignavum
1044 2634 1161 2688 redituras
1174 2653 1273 2705 pamm

228 2717 326 2788 Tigris,
338 2717 380 2769 bie
390 2715 515 2768 Armenia
526 2718 622 2782 fluvius,
632 2733 646 2767 a
655 2734 728 2770 cursu
762 2715 847 2766 rite.»
857 2714 1030 2777 Eae-audit,
1040 2717 1087 2770 tibi
1096 2719 1162 2772 dicto
1169 2721 1272 2774 audiens

224 2801 277 2868 ejus
290 2799 455 2868 rapidissimo,
465 2815 519 2850 mm
529 2799 629 2867 sagittae
638 2798 730 2850 reloci-
765 2805 816 2856 αἱ,
828 2794 876 2846 sibi
886 2805 964 2864 paret.
976 2825 1011 2838 -
1021 2798 1171 2867 Sycambrs‘5
1181 2804 1215 2857 ei.
1227 2822 1272 2857 su·

226 2896 275 2938 tate
289 2893 441 2952 comparato,
461 2882 540 2949 ipsum
557 2897 646 2932 nomen
658 2896 729 2930 suum
765 2894 810 2946 pra
819 2876 869 2940 1v,
882 2889 914 2942 s,
925 2890 968 2932 se.
979 2911 1015 2922 ·-
1028 2881 1174 2954 Compositis
1184 2889 1271 2947 mansi,

229 2969 331 3041 Tigris,
347 2965 477 3038 qquedi
489 2965 604 3034 sagenam
625 2961 731 3028 insigni·
767 2962 843 3014 armis
858 2963 976 3034 depositis
994 2979 1020 3020 et
1039 2971 1187 3038 resenditis3
1207 2972 1273 3026 bello

225 3053 316 3118 serint,
328 3050 449 3122 accepisse
460 3047 583 3111 traditum
597 3044 647 3096 sid.
662 3043 730 3096 Plin.
767 3046 920 3114 compositu
934 3067 979 3118 pro
991 3052 1060 3104 tenui
1073 3070 1078 3102 ι
1091 3053 1159 3106 victi.
1174 3053 1223 3107 En.

261 3382 394 3437 Arsursrs.
412 3379 489 3434 Arcto
503 3381 550 3432 boc
560 3397 658 3434 carmen
673 3397 728 3433 cum
740 3381 814 3449 hujus
826 3381 887 3433 libri
900 3379 1009 3433 carmine
1023 3389 1110 3451 quarto
1124 3382 1275 3446 cognationis

229 3467 324 3521 vinculo
338 3469 494 3536 conjunctum
511 3476 558 3520 est.
572 3465 710 3536 Utrunque
726 3467 792 3518 enim
806 3467 838 3519 ad
848 3467 1005 3521 celebrandss
1018 3467 1144 3529 victorias,
1156 3467 1276 3536 quasduo

230 3551 334 3621 Augusti
344 3555 460 3624 privigni,
472 3553 596 3616 Nerones,
604 3555 699 3606 Drusus
708 3564 733 3607 et
741 3553 871 3622 Tiberius,
881 3572 895 3608 a
906 3554 1000 3608 nuens
1011 3564 1037 3607 et
1045 3553 1184 3606 Vindelicis
1193 3571 1276 3624 repor-

229 3649 330 3706 tarunt,
340 3639 444 3708 dagoni
459 3645 529 3712 jussu
544 3643 577 3694 ab
592 3641 695 3694 Horatio
705 3643 865 3710 compositum
880 3651 926 3694 est.
945 3641 1064 3710 Superius
1074 3641 1174 3711 quidem
1187 3641 1277 3710 Drusi,

231 3733 290 3776 natu
305 3724 416 3789 minoris,
427 3727 474 3780 boe
482 3727 593 3796 Tiberii,
606 3739 666 3780 natu
679 3726 789 3794 majoris,
801 3724 885 3780 landes
900 3727 1077 3795 complectitur.
1090 3725 1175 3793 (Vide,
1182 3743 1237 3795 qun
1247 3727 1279 3780 da

231 3809 298 3862 omni
314 3827 340 3860 re
353 3810 383 3861 ad
395 3820 527 3882 utrumque
537 3813 663 3868 Neronem
675 3820 801 3882 spectante
809 3828 878 3882 supr.
891 3813 919 3864 in
929 3813 1040 3878 Assalys.
1051 3811 1081 3863 ad
1092 3827 1167 3866 carm.
1180 3823 1208 3878 4,
1220 3811 1279 3864 brc-

231 3897 295 3949 viter
304 3897 481 3968 exposuimus.)
492 3901 523 3952 ln
533 3901 637 3972 utroque?
651 3911 733 3954 autem
751 3897 860 3952 carmine
873 3909 944 3968 poeta
955 3900 1064 3952 consulto
1075 3899 1109 3950 ita
1118 3907 1240 3966 smnus,
1252 3909 1281 3958 nt

232 3983 304 4036 Drusi
317 3993 343 4036 et
354 3983 453 4038 Tiberii
469 3985 553 4040 laudes
565 3988 597 4040 ab
608 3987 711 4056 Augusti
726 3985 857 4048 laudibus,
871 3995 986 4055 tanquam
999 3986 1072 4038 anino
1083 3984 1182 4038 illarum
1197 3985 1280 4051 fonte,
