2950 4548
232 387 297 434 120
509 359 553 446 Q.
580 357 787 427 HORATII
812 357 987 426 FLACCl

416 499 598 567 Dimovere
614 494 762 586 lacertae,

465 617 508 684 Et
522 614 623 684 corde
639 628 673 683 ct
688 615 828 710 genibus
844 615 967 683 tremit.

322 735 423 829 Atqui
440 759 509 803 non
525 758 588 829 ego
607 749 657 821 te,
676 733 770 828 tigris
788 749 824 802 ut
841 757 976 828 aspera,

324 851 511 922 Gaetulusve
529 850 595 940 leo,
616 851 772 946 frangere
790 875 981 946 persequor.

342 957 345 974 ¹
417 969 566 1039 Tandem
583 969 696 1039 desine
712 985 852 1040 matrem

467 1089 678 1181 Tempestiva
696 1089 788 1182 sequi
806 1089 889 1159 viro.
938 1105 939 1109 ’

227 1311 308 1364 minus
317 1325 358 1362 eas
367 1309 467 1378 pavidas
479 1309 505 1360 in
519 1307 587 1360 silvis
597 1317 728 1376 quarunt3
764 1323 787 1359 e.
799 1307 902 1360 minima
912 1325 971 1361 aura
979 1308 1063 1362 flauas.
1077 1338 1111 1348 —
1120 1307 1271 1362 Etcordces

228 1395 309 1464 itaque
324 1409 399 1462 quum
414 1409 497 1444 omnes
512 1392 557 1443 bas
574 1391 729 1444 difficultates
762 1393 874 1462 genibus
886 1395 975 1446 aemr'e.
989 1393 1039 1447 Gor
1047 1394 1099 1462 ejus
1110 1395 1182 1446 micat
1190 1404 1215 1446 et
1223 1411 1266 1462 ge-

157 1531 159 1536 ,
229 1485 348 1529 removeat
359 1475 430 1544 plane
442 1474 563 1541 ingeniose
574 1483 599 1524 et
608 1473 729 1524 levissima
766 1476 977 1547 nualabant,quae
986 1479 1080 1547 pararis
1085 1476 1196 1530 adanam
1205 1477 1268 1530 ima-

228 1557 728 1626 mutationeaBentleiouonstitutaleetio‚
765 1560 906 1626 ginessunt.

229 1643 272 1694 ubi
290 1641 376 1712 vepris
389 1652 414 1692 et
428 1641 509 1692 rubus
520 1641 613 1707 egregie
629 1641 677 1693 sibi
688 1660 729 1694 re-
803 1655 827 1694 e.
851 1644 971 1695 Gaetulus
979 1645 1026 1704 leo,
1036 1647 1075 1699 leo
1084 1644 1214 1700 Africanus
1224 1666 1268 1716 pro

228 1727 358 1796 spondent,
369 1743 434 1789 eam,
447 1727 473 1778 in
486 1735 577 1778 textum
595 1737 729 1794 receptam,
765 1728 850 1796 quovis
867 1727 929 1790 aiio,
945 1729 1003 1796 quia
1022 1729 1118 1781 leonum
1137 1747 1224 1798 parens
1244 1741 1270 1782 et

227 1819 324 1862 senatus
331 1827 392 1861 sum.
401 1808 451 1860 l’ro
458 1809 544 1879 vepn's
552 1810 662 1875 legeramt
669 1809 730 1861 lllu-
765 1809 893 1864 nutrirent
902 1807 997 1872 Africa,
1007 1811 1076 1877 eujus
1086 1829 1143 1879 pars
1150 1811 1265 1868 Gaetulis.

230 1904 296 1948 retus
308 1903 333 1948 et
342 1893 448 1960 Scaliger
458 1893 527 1952 vais,
538 1902 622 1961 utpote
631 1911 684 1962 qun
695 1892 731 1946 lo-
766 1894 959 1965 *astvagen
965 1910 1113 1966 persequor,
1124 1912 1200 1962 grance
1209 1914 1265 1966 pno:

230 1978 263 2031 lia
279 1978 356 2031 multo
369 1976 496 2031 mobiliora
506 1993 579 2045 quoru
594 1975 674 2042 vepris
686 1976 731 2026 ha·
768 1988 792 2029 te
802 1977 968 2044 frangendam,
979 1977 1017 2029 rel
1029 1986 1056 2028 ut
1065 1987 1090 2028 te
1102 1977 1220 2045 frangam.
1234 2006 1269 2019 -ν

126 2099 130 2108 ,
230 2063 297 2127 beat,
307 2064 549 2115 bancautemrocem
557 2059 642 2130 veprr's
653 2059 678 2110 in
688 2057 733 2111 hoc
757 2059 896 2130 frangere,
915 2061 946 2111 de
962 2059 1049 2114 belluis
1066 2060 1268 2126 immanioribus,

231 2165 301 2200 rersu
313 2147 462 2200 retinendam
473 2153 600 2213 putamus,
610 2159 664 2211 quar
676 2142 733 2194 huic
768 2160 813 2209 pro
824 2161 830 2192 ε
843 2143 994 2210 discerpere,
1006 2143 1141 2206 dilaniare,
1159 2143 1266 2215 aptans.

233 2231 325 2282 rubum
335 2233 360 2281 in
370 2231 437 2281 subs.
446 2229 538 2296 optime
546 2227 734 2294 respondeat-
769 2238 914 2277 -masrem
923 2227 999 2296 sequi
1000 2259 1009 2284 ,
1020 2236 1113 2278 serrata
1124 2225 1228 2293 imagine
1238 2229 1270 2281 de

232 2311 399 2380 mnbd.firlr'r's
409 2309 539 2367 urhorruir,
552 2308 674 2376 ἀορίστως,
684 2309 733 2360 leni
769 2309 896 2372 hinnulis,
915 2327 975 2377 pro:
989 2327 1041 2362 eam
1056 2311 1180 2372 comitari,
1197 2312 1269 2365 lateri

233 2393 360 2447 mobilium
371 2393 483 2444 loliorum
493 2391 604 2450 horrore,
613 2391 638 2440 h.
650 2405 673 2440 e.
684 2392 734 2455 agi·
769 2391 822 2457 ejus
831 2409 927 2459 semper
936 2393 1066 2445 adherere.
1076 2393 1271 2464 -Tempesuirn

234 2479 334 2541 tatione,
345 2475 437 2543 impelli
446 2471 732 2532 satec-Adversum,
769 2475 840 2532 urin,
861 2475 887 2526 b.
910 2492 932 2528 e.
956 2475 1061 2537 nubilis,
1082 2475 1160 2545 dapnis
1177 2475 1266 2548 γάμου.
1291 2515 1296 2526 .

234 2565 260 2614 b.
272 2579 295 2614 e.
307 2561 381 2612 flante
389 2569 470 2610 rentn.
479 2556 553 2610 ovid.
562 2556 644 2608 Trist.
656 2556 680 2617 1,
691 2567 732 2620 to,
769 2558 881 2610 Suaviter
891 2559 995 2626 puellam
1006 2561 1114 2614 nubilem
1122 2562 1194 2630 Virg.
1210 2561 1267 2614 AEn.

237 2659 252 2698 ³
267 2666 272 2698 :
291 2666 304 2692 n
319 2645 375 2696 Sive
394 2659 459 2711 opus
471 2652 507 2692 est
517 2641 592 2707 reiis,
608 2641 733 2692 minimam
770 2640 833 2700 Vll,
844 2651 888 2704 aa,
898 2640 1015 2695 describit
1024 2645 1075 2697 sic:
1089 2665 1102 2692 a
1113 2645 1169 2697 Jnrn
1178 2657 1270 2699 matura

234 2732 297 2782 bene
306 2726 432 2795 currit(sc.
446 2725 521 2794 naris)
536 2725 565 2776 ad
577 2741 659 2776 auram
670 2745 695 2785 u,
705 2725 731 2775 h.
769 2723 822 2774 siro
832 2763 839 2784 ,
850 2725 900 2790 jam
913 2725 993 2792 plenis
1004 2729 1097 2780 nubilis
1110 2731 1189 2783 anuis.
1205 2751 1217 2778 r

654 2894 859 2916 W

271 3030 402 3083 Ananrsrs.
421 3023 525 3086 Chloen,
535 3040 618 3091 quarn
630 3025 682 3078 viro
691 3023 749 3076 licet
756 3025 805 3091 jam
818 3027 995 3094 tempestiuam,
1004 3027 1105 3084 delicias
1115 3039 1205 3095 tamen,
1213 3049 1272 3101 quas

235 3125 307 3185 poeta
323 3114 350 3165 ia
365 3125 447 3163 amore
457 3107 522 3177 apud
535 3125 588 3159 earn
605 3109 712 3160 iacturas
726 3121 794 3174 erat,
812 3111 906 3180 trepida
918 3114 1000 3164 auimo
1015 3113 1191 3181 refugientem,
1203 3135 1273 3170 nasa

234 3203 291 3254 sinu
305 3198 390 3251 matris
401 3213 427 3248 se
437 3193 508 3248 aselii
519 3193 660 3262 patientem,
670 3196 777 3248 suaviter
789 3214 846 3248 eum
858 3198 972 3264 hinnulo,
985 3201 1029 3269 qui
1042 3200 1165 3255 lenissimo
1178 3220 1274 3272 quoque

234 3289 339 3359 strepitu
349 3285 481 3340 exterritus
488 3282 561 3352 auris
571 3291 672 3334 matrem
688 3285 713 3335 in
725 3285 793 3336 silvis
803 3303 912 3356 quarere
920 3288 1012 3352 soleat,
1023 3301 1161 3358 comparat,
1175 3301 1203 3341 ut
1210 3325 1218 3355 ‚
1230 3307 1273 3340 re-

235 3377 292 3432 licta
305 3375 401 3428 tandem
413 3380 504 3438 matre,
517 3387 559 3434 se,
571 3375 648 3438 a'quo
660 3369 724 3422 nibil
740 3373 892 3426 crudelitatis
906 3375 930 3427 ei
942 3375 1076 3427 timendum
1090 3376 1136 3438 sit,
1147 3384 1271 3442 sequatur,

236 3479 376 3534 permovere
383 3457 591 3512 studet-Grani
601 3457 725 3524 cujusdam
735 3469 811 3526 poeta
820 3460 980 3512 imitationem
991 3477 1066 3528 quum
1078 3460 1152 3512 totius
1158 3459 1274 3512 carminis

235 3551 301 3603 color
316 3547 415 3618 prodit,
431 3555 482 3596 tum
501 3545 660 3610 impacatum
677 3545 742 3612 apud
756 3542 900 3597 Athenarum
913 3535 968 3608 IX,
982 3556 1012 3595 ta
1031 3545 1111 3612 (quod
1126 3543 1275 3598 Anacreonti

236 3637 306 3700 uulgo
314 3629 450 3700 tribuitur)
463 3629 498 3682 sic
509 3648 522 3681 n
534 3630 644 3682 Bentleio
657 3632 763 3682 relictum
777 3650 781 3679 :

417 3755 463 3818 tn
474 3765 552 3837 napa
565 3772 674 3824 sesnin
686 3771 824 3841 pannas,
838 3771 860 3826 a<
873 3770 896 3818 a
907 3772 950 3834 aas

416 3854 544 3920 ttspotaeu
557 3855 700 3922 ἀπολιιφθιὶς
709 3857 754 3908 irai
764 3855 848 3924 μητρὸς
859 3853 966 3911 ἐπτοήθη·
