2838 4550
387 411 389 415 ·
459 389 550 456 mn.
578 389 609 474 1,
636 387 788 456 canor.
815 386 880 454 rx.
988 393 990 401 ⁴

272 531 371 598 Nunc
386 541 420 596 et
432 524 563 595 latentis
577 522 733 618 proditor·
746 525 867 594 intimo

272 649 396 716 Gratus
409 641 526 739 puellae
541 644 624 712 risus
636 645 678 711 ab
691 641 829 738 angulo,

370 763 559 860 Pignusque
571 763 746 857 dereptum
758 758 909 847 lacertis,

320 885 388 952 Aut
404 879 512 975 digito
529 878 616 950 male
632 881 811 975 pertinaci.

151 1102 223 1162 tiam,
233 1101 658 1173 amorietroloptatihus,nnteqanm
693 1102 824 1172 deripitur.
832 1099 955 1173 -ds'gr'to
967 1101 1034 1154 mole
1044 1114 1111 1172 pen.
1125 1103 1201 1159 isoete

152 1183 220 1234 iners
235 1195 293 1235 aetas
304 1201 349 1238 nos
364 1195 473 1254 compet,
485 1184 658 1253 indulgendum
694 1187 726 1238 de
736 1185 827 1254 puella,
838 1201 893 1255 qua
905 1201 954 1238 non
965 1186 1072 1250 vincam,
1083 1186 1126 1238 sed
1136 1185 1200 1238 vinei

151 1285 214 1330 ease,
223 1279 347 1336 comparat
355 1269 394 1321 Cl.
407 1269 508 1327 Mitsrh.
518 1267 654 1340 Antiphan.
696 1269 721 1320 in
738 1269 794 1319 lusu
809 1267 926 1321 mnatorio
940 1267 1023 1338 smpit;
1038 1270 1091 1337 eins
1102 1267 1202 1341 ᾰὶςίινε

151 1353 199 1420 Ep.
213 1364 288 1416 ως
305 1351 386 1406 Antii.
402 1353 450 1406 Gr.
468 1365 487 1406 t.
504 1355 548 1416 ll,
567 1373 592 1424 p.
608 1365 657 1406 tas
693 1350 778 1416 igitur,
793 1351 859 1402 haud
875 1351 910 1403 ita
925 1369 1089 1422 eompreesns,
1100 1364 1200 1422 utaegrs

153 1437 223 1500 (edit.
235 1437 312 1502 lam),
322 1447 348 1490 et
359 1437 442 1489 liulin.
453 1438 501 1508 Ep.
514 1449 557 1504 to,
565 1448 580 1490 a
588 1455 655 1508 seqq.
693 1434 863 1488 oaeodetralri
870 1436 947 1506 possit
955 1437 1070 1503 annulus,
1078 1449 1116 1492 est
1123 1440 1198 1501 mals,

154 1520 233 1573 Antia.
244 1521 293 1574 Gr.
309 1531 327 1571 t
339 1522 393 1585 111,
406 1539 431 1590 p.
447 1533 505 1575 tot.
695 1519 721 1570 h.
733 1537 757 1572 e.
769 1509 859 1572 minio.
866 1522 1127 1592 porcinam-'lotum
1137 1525 1202 1578 huno

190 1617 235 1656 at.
246 1606 328 1656 Nunc
336 1617 362 1656 et
368 1605 476 1666 hunde,
484 1615 530 1658 etc.
539 1623 604 1659 nuno
610 1616 658 1658 tam
693 1601 788 1674 lomim,
799 1615 828 1656 ot
840 1605 903 1658 bene
912 1607 1023 1660 observat
1030 1609 1131 1662 Mitsclt.
1144 1609 1203 1662 imi-

154 1689 230 1750 risus,
240 1705 290 1756 qno
301 1688 383 1756 puella
397 1705 425 1740 se
441 1689 519 1757 ipsam
534 1689 561 1741 in
573 1689 661 1743 intimo
697 1699 761 1741 tatus
771 1699 808 1742 est
817 1700 901 1743 auctor
908 1691 990 1759 Elea.
1001 1710 1055 1762 qnae
1066 1694 1113 1745 sul>
1122 1694 1198 1747 Corn.

153 1770 244 1836 angulo
255 1771 372 1823 latentem
388 1771 480 1839 prodit,
490 1789 563 1840 quam
573 1771 661 1840 pignus
696 1773 765 1826 Galli
780 1776 879 1826 nomine
891 1777 1104 1846 circumferuntur,
1116 1780 1146 1846 l,
1158 1791 1202 1847 ot,

155 1853 268 1916 deleant,
283 1853 347 1922 quod
365 1853 418 1920 q'ns
428 1853 526 1906 lacertis
536 1851 574 1906 rel
585 1854 662 1920 digito
699 1857 755 1906 «Et
766 1873 831 1908 nunc
842 1858 970 1911 subridens
984 1859 1090 1913 latebras
1103 1863 1203 1930 fugitiva

136 1938 282 2006 'dereptam
298 1949 348 2002 est3
366 1939 432 1990 sire:
453 1956 518 1992 nunc
532 1937 662 2005 jucundia-
698 1940 809 2008 petebat,
825 1940 883 1993 Non
901 1951 996 2009 umen,
1007 1945 1143 2012 efflagitans,
1156 1957 1204 2000 tota

156 2021 233 2072 aimus
248 2031 285 2072 est
299 2021 342 2072 ille
359 2021 427 2072 lusus
448 2021 595 2084 amatorius,
614 2039 664 2090 quo
700 2021 1204 2098 (usbeneprosatsemendasctlttiash.)

157 2105 314 2175 poell2,qnm
321 2123 348 2157 se
358 2106 435 2174 ipsam
446 2105 473 2157 in
482 2104 569 2157 intimo
575 2103 663 2170 angulo
699 2107 775 2157 latere
783 2107 876 2172 volens,
886 2108 936 2160 Sed
946 2110 1021 2175 magis
1032 2109 1151 2180 exaliqua
1161 2131 1206 2166 on·

155 2189 270 2242 latentem
291 2189 394 2240 ridendo
415 2187 539 2257 prodidit,
559 2188 597 2238 rel
620 2205 663 2238 ar·
698 2187 782 2256 piabat
791 2188 943 2256 parteritleri
950 2191 1205 2261 ,Latiorhoomnltm

157 2273 223 2324 milla
238 2273 271 2325 (le
285 2271 338 2339 ejus
347 2272 455 2334 lacertis,
466 2270 503 2321 rel
517 2271 622 2322 annulus
632 2269 663 2322 de
698 2269 763 2340 quod
774 2270 837 2322 male
847 2281 908 2324 tecta
919 2272 1008 2325 foret.»
1020 2273 1061 2327 Ci.
1071 2276 1206 2332 etiamVir·

155 2357 208 2424 ej...
227 2357 306 2424 aare
329 2365 443 2425 anquam
465 2353 551 2423 pignus
575 2355 663 2405 amoris
698 2337 1204 2427 gttttversum.«ntrugsrsasanoes‚src'.„

198 2567 326 2642 Assorus.
346 2589 478 2642 Probabile
488 2599 525 2640 eet
534 2588 720 2658 Thaliarchnm,
731 2592 771 2643 cui
782 2593 873 2644 dicitnr
884 2593 929 2644 hoo
939 2609 1047 2659 carmen,
1059 2594 1135 2646 luisse
1143 2609 1205 2661 grar-
1302 2619 1306 2630 ·

160 2693 217 2728 cum
228 2678 353 2744 juvenem,
368 2677 483 2742 divitem,
497 2677 541 2744 qui
557 2676 638 2727 rillarn
655 2676 682 2726 in
696 2675 813 2746 Faliscis,
832 2678 898 2730 hand
910 2678 992 2747 procul
1010 2689 1092 2732 monte
1107 2681 1206 2734 Soracte

160 2761 277 2828 liaberet,
286 2771 310 2810 et
320 2762 397 2814 inhac
406 2761 463 2812 rilla
473 2759 602 2811 Horatium
617 2760 679 2811 hanc
693 2761 755 2814 oden
770 2762 909 2830 scripsisse;
923 2763 987 2830 quod
1000 2763 1085 2814 sordet
1093 2781 1204 2818 versuum

161 2852 301 2920 primorum
313 2861 411 2918 quatuor
419 2851 483 2916 idea,
500 2865 558 2900 rure
571 2848 732 2917 potiusquam
745 2851 771 2900 in
781 2850 842 2900 urbe
853 2861 975 2918 concepta.
986 2851 1106 2918 igiturab
1117 2853 1207 2904 hiemis

159 2935 327 3006 lamiptione
337 2953 431 2988 morsus
442 2946 527 3006 poeta,
539 2935 571 2986 ad
581 2934 762 3002 conviviorum,
775 2953 829 3004 qum
845 2935 946 2988 hiemali
961 2939 1065 3006 tempori
1081 2941 1207 3008 aptissima

160 3026 223 3090 sint,
236 3023 383 3075 hilaritatem
397 3024 547 3076 exhortatur.
567 3020 632 3072 ilinc
644 3022 675 3072 ad
688 3023 799 3088 generale
809 3022 841 3074 do
852 3023 901 3074 rita
916 3024 1022 3076 suaviter
1036 3041 1064 3077 ao
1076 3027 1130 3077 sino
1141 3028 1207 3080 curis

161 3108 313 3177 transigenda
323 3119 468 3179 pmceptnm
478 3107 586 3174 delatus,
598 3107 709 3158 eumdem
722 3118 818 3174 monet,
830 3125 862 3159 ne
872 3107 945 3160 anxia
954 3109 1031 3160 tutari
1044 3109 1207 3164 sollicitudine

159 3197 286 3265 praesentis
303 3197 420 3264 temporis
435 3195 540 3247 irootum
557 3191 685 3262 intercipi,
695 3194 777 3263 aioqne
787 3195 920 3260 juvenilem
929 3204 1040 3262 aetatem,
1050 3194 1207 3250 lusibuseam

156 3285 263 3354 jocisque
272 3283 437 3352 aptissimam,
451 3293 540 3334 temese
549 3280 598 3332 sibi
607 3279 672 3332 elabi
682 3281 797 3347 patiatur,
807 3297 884 3349 quum
895 3297 949 3332 earn
962 3297 1017 3334 roos
1029 3291 1141 3334 senectus
1150 3299 1204 3335 mo·

160 3388 221 3438 rosa,
231 3372 360 3440 omniaque
370 3368 504 3420 hilaritatis
515 3384 602 3436 expers
611 3375 735 3436 soqmmr.
752 3365 874 3419 Eximiam
886 3365 1021 3432 armamenti
1032 3366 1104 3432 hujus
1116 3382 1143 3418 ac
1153 3384 1208 3418 vare

160 3457 256 3524 lyricam
269 3456 455 3523 mactationem,
466 3453 643 3508 sententiarum
658 3453 807 3518 dignitatem
816 3465 889 3522 atque
903 3453 1061 3519 gravitatem,
1075 3461 1125 3502 tum
1137 3449 1207 3502 Ana-

159 3555 296 3596 creontem
316 3545 343 3595 in
362 3543 432 3596 exitu
449 3541 564 3596 carminis
584 3539 750 3592 remissionem
773 3540 902 3592 observent
923 3553 1039 3590 renerum
1060 3538 1206 3603 poeticarum

161 3633 270 3685 studiosi.
285 3632 356 3684 Pieri
372 3641 453 3701 potest
468 3633 494 3683 in
507 3632 553 3684 hoo
568 3640 618 3682 toto
627 3629 734 3684 carmine
743 3626 819 3682 Atesi
828 3629 936 3694 vestigiis
946 3625 1065 3679 Nostrum
1075 3627 1208 3697 institisse,

161 3735 235 3786 ῳιιιιι
252 3720 353 3771 initiam
370 3728 454 3786 aperte
470 3733 609 3786 expressum
624 3716 658 3767 sit
671 3731 701 3768 ex
712 3715 784 3782 hujus
799 3725 875 3783 poeta
893 3715 1027 3781 fragmento
1041 3712 1104 3782 apud
1112 3710 1206 3766 Athen.

164 3803 205 3867 x,
218 3815 242 3855 a.
256 3803 306 3871 Qui
323 3805 369 3856 hoc
383 3819 482 3855 carmen
492 3819 583 3856 meram
597 3801 672 3854 Alooei
683 3801 845 3853 imitationem
859 3797 1207 3868 easepntant,Tlaaliarrl1nrr

160 3907 256 3958 qsaoqne
269 3893 354 3944 lictum
368 3907 457 3944 nomen
466 3901 491 3942 et
500 3889 644 3956 generaliter
654 3897 776 3956 mmptum
786 3887 887 3940 addunt.

196 3977 291 4034 lloratii
303 3989 480 4034 commentator
491 3979 599 4030 Goliam·
609 3995 709 4047 gramm
719 3995 799 4030 rooem
815 3974 998 4029 Thatimtum
1014 3976 1209 4045 morisiiregem
1252 3999 1258 4014 ·

159 4065 297 4130 significare
311 4066 463 4127 arbitratur,
478 4075 503 4116 st
515 4081 544 4117 eo
556 4081 627 4118 maso
640 4065 681 4116 hic
689 4065 780 4130 accipi,
794 4073 821 4114 nt
831 4062 894 4130 apud
907 4077 966 4112 nos:
979 4059 1054 4111 lomi
1060 4059 1092 4114 de
1104 4063 1209 4134 lasivs,

1034 4149 1068 4222 οὗ
