2838 4550
486 343 529 430 Q.
556 342 764 410 uontru
789 343 966 411 rntccr

325 481 485 550 Permitte
499 480 594 548 Divis
611 495 741 548 cetera:
757 481 814 576 qui
829 480 925 549 simul

325 603 478 668 Stravere
494 589 610 668 ventris
623 623 754 694 aequore
769 598 900 670 fervido

419 713 676 810 Depraeliantes‚
692 741 754 784 nec
769 720 935 811 cupressi,

372 837 444 906 Nec
456 849 582 903 veteres
595 834 765 929 agitantur
779 837 864 904 orni.
893 895 895 902 .
921 831 927 842 ’

322 955 413 1044 Quid
428 955 470 1023 sit
486 954 633 1022 futurum
647 977 735 1042 cren,
749 955 826 1049 fuge
840 981 1007 1049 quaerere:
1025 976 1059 1030 et

324 1074 434 1161 Quem
447 1075 529 1140 Fors
542 1071 672 1141 dierum
685 1097 827 1166 cumque
841 1073 951 1164 debit,
968 1075 1060 1147 lucro

418 1190 582 1284 Adpone:
600 1215 662 1258 nec
676 1189 788 1260 dulces
803 1217 933 1262 amores
1210 1198 1243 1253 ¹5

370 1311 512 1403 Sperne,
527 1333 621 1402 puer,
637 1335 743 1404 neque
756 1323 792 1379 tu
803 1311 960 1400 choreas3

320 1429 437 1496 Donec
449 1428 570 1496 virenti
584 1428 723 1498 canities
741 1429 835 1498 obest

319 1549 465 1616 Morosa.
481 1547 580 1616 Nunc
593 1561 627 1614 et
638 1571 796 1643 campus,
809 1565 843 1618 et
853 1574 954 1636 arere,

419 1666 592 1758 Lenesque
605 1665 666 1733 sub
679 1682 812 1736 noctem
825 1669 951 1737 susurri

370 1782 888 1875 Compositarepetanturhoru:
1204 1811 1242 1848 πο

198 2015 237 2050 ree
255 1993 336 2067 (ὦτα),
355 1999 381 2049 h.
394 2017 416 2052 e.
430 2016 501 2051 nusae
510 2000 613 2063 habens,
627 2018 701 2053 msa-
738 2002 784 2055 inl.
797 2003 876 2072 Epist.
885 2003 922 2070 11,
932 2013 958 2069 s,
968 2001 1242 2072 ineffugemmollee)

199 2093 259 2146 tum,
269 2101 319 2152 quo
331 2085 361 2134 nd
377 2083 461 2136 riuum
477 2101 491 2136 e
502 2085 567 2136 cudis
580 2085 604 2134 in
615 2083 702 2154 pocula
737 2087 862 2136 cumner.
875 2086 907 2136 ln
919 2086 1079 2152 sententium,
1089 2104 1138 2155 qun
1148 2088 1243 2142 ridetur

198 2168 292 2220 minore
302 2169 520 2220 transfundendum
531 2170 672 2220 utebantur.
735 2167 768 2218 de
775 2169 875 2220 crastini
886 2167 936 2218 diei
946 2179 1012 2220 sorte
1022 2168 1173 2237 sollicitudo,
1185 2171 1239 2224 leu-

238 2265 262 2304 s.
286 2254 403 2304 Permitte
425 2253 496 2302 Deis
526 2263 624 2310 ceum,
648 2253 702 2306 Diis
736 2249 1240 2322 daret.Miuch.Gmt.Excerpt.p.ers,

195 2335 302 2386 curanda
314 2333 441 2402 relinque;
455 2350 532 2384 nexus
544 2343 583 2384 est
599 2345 701 2386 senten-
737 2335 780 2386 ubi
791 2335 936 2386 Philetoerus
949 2334 1021 2400 jubet
1034 2335 1100 2386 haud
1114 2335 1145 2392 ιίς
1160 2336 1240 2403 alpem

196 2421 301 2474 tiorum:
318 2417 377 2469 dum
389 2417 556 2479 emuniens,
568 2417 700 2486 voluptati·
736 2417 871 2487 φροντίζω,
881 2415 904 2469 ri
915 2416 942 2467 ἂν
952 2417 1027 2467 ἔσται.
1035 2431 1149 2482 -ριιεν,
1163 2416 1241 2468 donec

195 2507 241 2556 bus
249 2520 309 2572 ques
319 2503 398 2554 hiems
406 2501 525 2564 coneedit,
537 2500 645 2567 indulge,
655 2519 701 2554 nec
736 2501 761 2550 in
768 2499 1238 2558 detentatisconstituursee.-vr'rerur',

195 2586 268 2636 ullam
279 2585 312 2637 de
326 2585 409 2636 lutum
422 2595 530 2652 tempore
544 2601 626 2635 eruam
642 2601 698 2635 eus·
733 2585 908 2649 significantius
918 2599 975 2651 pro:
986 2581 1238 2642 tibi.-Nunc,dum

193 2669 257 2736 cipe.
281 2667 336 2720 Una
357 2668 423 2720 enim
445 2667 553 2720 Deontnt
574 2667 699 2720 voluntate
733 2681 777 2735 per
789 2677 883 2718 etatem
896 2667 960 2728 licet,
971 2665 1029 2716 dum
1041 2666 1143 2718 canities
1154 2667 1237 2730 ebcst;

194 2763 311 2818 reguntur
329 2752 410 2804 omnin
433 2761 457 2803 et
477 2752 518 2804 itii
537 2751 699 2819 providebunt
733 2767 761 2802 eo
770 2752 836 2802 enim
851 2751 1005 2804 referendum
1015 2767 1063 2802 non
1078 2750 1108 2801 nd
1120 2749 1235 2802 hiemem.

192 2847 220 2888 ut
231 2836 310 2888 hiens
326 2836 440 2888 desierint
455 2835 585 2904 redeatque
594 2853 696 2888 remum
733 2851 878 2903 -campus
889 2847 913 2886 et
922 2851 999 2894 arere,
1009 2835 1117 2901 intellige
1126 2835 1236 2887 ambula-

166 2931 168 2936 '
192 2932 296 2989 tempus.
310 2920 387 2986 Inde,
397 2922 544 2972 securiorem
558 2932 653 2980 nactus,
670 2922 696 2973 in
733 2917 811 2968 tiones
820 2919 845 2968 in
855 2935 940 2985 campo
949 2919 1042 2970 Martio
1050 2929 1076 2970 et
1085 2917 1161 2976 ame,
1174 2919 1200 2968 lt·
1210 2935 1233 2970 e·

191 3023 228 3056 rr.
247 3023 300 3074 sqq.
319 3021 368 3057 uon
388 3003 463 3069 magis
482 3005 514 3055 de
532 3003 622 3056 suturis
639 3006 695 3058 vitre
731 3000 790 3053 locis
800 3004 869 3069 puris
883 3003 909 3054 in
921 3004 997 3071 urbe,
1007 3004 1044 3055 rel
1060 3003 1191 3070 porticibus
1205 3004 1236 3053 nd

192 3089 263 3140 rebus
277 3103 350 3155 quam
366 3086 397 3136 de
415 3085 496 3136 lutura
511 3087 562 3137 culi
578 3089 696 3154 temperie
733 3087 830 3154 templo,
841 3087 885 3136 ubi
896 3087 966 3153 pueri
976 3085 1110 3155 puellasque
1121 3087 1236 3156 trequen-

189 3170 323 3223 curendunr
342 3185 394 3220 esee
412 3177 482 3236 poem
501 3170 600 3236 suadet,
621 3181 645 3221 et
664 3189 694 3222 ex
732 3179 770 3221 ter
783 3171 872 3222 amoris
886 3171 1059 3222 mnsarerseri
1071 3171 1189 3222 solebant.
1200 3201 1236 3210 -

188 3254 351 3328 qunquevite
364 3251 693 3306 diedueendemresevolu·
729 3251 810 3302 henes
829 3253 948 3313 susurri,
972 3253 1066 3304 blande
1092 3265 1117 3306 et
1141 3255 1236 3306 furtivo

188 3323 415 3408 ptntenr.-'-Stmv.
427 3347 498 3386 vent.
510 3333 617 3403 deproel.
630 3333 656 3386 h.
667 3353 691 3386 e.
729 3335 863 3386 nutantium
879 3336 1088 3388 confabulationes
1099 3337 1236 3406 (ὀαρισμοῖ,

187 3422 260 3476 simul
276 3438 304 3472 ac
324 3419 363 3470 illi
382 3428 509 3470 ventorum
530 3417 558 3468 in
575 3417 695 3470 concitato
729 3417 906 3488 ψιθυρίοματα).
919 3419 960 3472 Sic
970 3419 1117 3488 Propertl,
1131 3432 1174 3484 tt,
1187 3433 1234 3474 te:

188 3507 250 3558 nturi
264 3513 348 3557 eontra
364 3519 390 3554 se
403 3501 563 3569 pugnantium
575 3501 691 3568 impetum
730 3523 742 3549 α
751 3501 855 3553 Blendoe
866 3502 952 3554 audire
960 3519 1080 3554 susumus.
1091 3503 1237 3557 »Dicuntur

186 3598 382 3658 prostraverunt,
398 3584 573 3649 centurionum,
587 3584 690 3636 domue-
727 3587 832 3636 susurri
836 3585 910 3654 ,quie
919 3571 1039 3638 ¹submisso
1047 3600 1106 3635 sono
1115 3585 1235 3638 contabu-

185 3667 407 3742 runt—firwilo,
418 3669 483 3738 quod
497 3667 611 3720 fluctibus
626 3686 688 3721 ren·
725 3670 816 3734 lentur,
831 3685 885 3720 nea
895 3667 991 3720 ceteris
1001 3665 1235 3718 audientum-sud

185 3769 265 3810 torum
279 3757 303 3808 vi
317 3755 443 3806 commotis
452 3751 599 3806 effervescit·
612 3753 684 3819 Virg.
724 3766 828 3812 noctem,
840 3753 973 3822 crepusculi
985 3761 1102 3818 tempore.
1111 3779 1147 3788 -
1157 3749 1233 3802 Com-

183 3841 260 3894 Geor.
271 3842 295 3908 1,
307 3849 368 3892 etr:
382 3837 541 3906 «Ferretque
552 3836 622 3888 tretia
633 3839 686 3904 spi·
720 3839 817 3908 ροεὶια,
839 3855 870 3890 ex
891 3837 1025 3906 composito
1042 3836 1182 3887 constituta.
1197 3865 1233 3874 -

183 3925 294 3977 nutibus
303 3939 393 3993 equor.
408 3943 421 3970 u
723 3933 878 3992 repetentum,
890 3921 947 3974 lue.
955 3921 987 3973 de
997 3920 1135 3988 integrovel
1144 3922 1232 3989 sapius

220 4019 261 4059 ts.
275 4007 482 4079 Fugequoerere,
492 4005 542 4060 noli
552 4005 685 4071 scieeiteri5
724 4005 879 4060 miserentur.
892 4035 928 4046 ·-
944 4003 1066 4058 Ceterum
1085 4005 1111 4056 in
1129 4013 1229 4056 senten-
