2892 4558
258 363 325 438 532
541 365 587 452 Q.
614 363 822 433 uonnrrr
848 364 1025 434 annom

255 519 403 612 Quaeque
418 532 535 587 carent
550 520 656 590 ventis
672 535 706 588 et
720 517 861 608 solibus,
878 545 952 589 ossa
966 521 1123 611 Quirini,

304 633 406 706 Nefas
423 632 554 704 videre!
575 634 752 730 dissipabit
770 633 926 704 insolens.

254 757 369 842 Forte,
383 753 463 848 quid
476 751 648 846 expediat,
661 754 895 840 communiter,
909 769 966 822 aut
978 751 1099 823 melior
1110 778 1205 849 pars,
1271 753 1310 811 15

303 869 402 941 Malis
418 894 535 940 carere
552 871 699 964 quaeritis
718 867 905 957 laboribus3

254 988 355 1062 Nulla
370 991 413 1059 sit
428 989 491 1058 hac
508 987 622 1083 potior
639 989 821 1076 sententia3
839 986 1061 1057 Phocaeorum

301 1108 404 1180 Velut
419 1107 569 1205 profugit
585 1123 755 1176 exsecrata
773 1107 910 1196 civitas,

252 1232 360 1325 Agros
374 1243 472 1322 atque
486 1229 588 1296 Lares
602 1226 778 1320 proprios,
789 1223 1041 1319 habitandaque
1057 1223 1134 1293 saun

300 1345 400 1438 Apris
417 1341 553 1437 reliquit
569 1361 603 1415 et
619 1343 795 1437 rapacibus
812 1340 918 1436 lupis,
1262 1359 1305 1399 ἰο

250 1463 321 1552 Ire,
335 1460 436 1555 pedes
449 1485 649 1556 quoeunque
663 1460 789 1550 ferent,
803 1483 1001 1554 quocunque
1015 1482 1077 1552 per
1090 1455 1197 1528 undas

299 1579 407 1649 Notus
423 1579 575 1666 vocabit,
593 1593 651 1647 aut
667 1593 845 1673 protervus
861 1577 1004 1647 Africus.

251 1695 305 1766 Sic
318 1693 450 1792 placet?
464 1721 506 1766 an
520 1697 639 1768 melius
652 1697 724 1792 quis
739 1697 842 1766 habet
855 1693 1017 1766 suadere?
1033 1691 1178 1763 secunda

250 1912 332 1966 inesse
339 1913 396 1982 quis
405 1932 454 1968 non
460 1916 559 1970 rideat?
568 1919 616 1970 En.
628 1917 670 1971 Ci.
680 1917 754 1972 Orid.
792 1919 852 1988 qnid
866 1919 896 1970 ad
907 1919 970 1972 mala
980 1956 989 1983 ‚
1001 1936 1056 1988 qua
1071 1919 1140 1971 vobis
1152 1918 1302 1988 imminent,

250 2014 282 2050 ex
291 1999 366 2052 Pont.
376 2000 404 2062 Ι,
415 2012 445 2064 a,
457 2013 485 2054 tt
494 2015 517 2054 t:
532 2023 545 2050 a
556 2003 610 2056 Nan
621 2003 684 2055 maie
692 2019 758 2056 nom-
792 2001 905 2053 evitanda
924 2001 1001 2070 prosit
1016 2001 1131 2070 inprimis
1143 2011 1169 2053 et
1178 2003 1299 2055 oonierat.

249 2081 692 2152 positos...Bistoniieineresungola
703 2085 757 2154 pui-
792 2084 922 2136 -Nutta
941 2085 974 2136 sit
988 2083 1037 2135 ime
1052 2086 1136 2154 potior
1147 2097 1211 2136 sent,
1226 2086 1249 2136 si
1261 2101 1301 2136 nse

250 2175 289 2218 set
299 2159 366 2236 iqui.
378 2189 391 2216 s
399 2197 434 2208 -
444 2169 564 2239 Qnoeque
574 2181 664 2220 canna
672 2167 757 2219 ventri
792 2164 898 2229 auditis,
919 2166 983 2218 nibil
997 2169 1066 2235 prius
1078 2169 1150 2219 nobis
1161 2169 1300 2220 iaciendum

250 2252 331 2302 etsol.
343 2269 401 2303 ossa
411 2253 530 2319 Quirini,
546 2263 571 2303 et
582 2269 635 2304 ossa
646 2251 754 2314 Romuli,
791 2253 846 2314 θεῖ’,
856 2266 929 2319 quam
943 2261 971 2302 ut
983 2251 1141 2303 Pbooaeornm
1158 2255 1300 2320 cuempiam

249 2348 304 2400 qun
316 2337 449 2386 narrentis
458 2351 502 2386 nen
511 2333 557 2386 soii
566 2335 676 2402 exposita
686 2344 754 2395 sunt,
790 2337 898 2403 sequuti,
910 2351 1001 2402 earnm,
1014 2353 1159 2404 quocunqne
1170 2353 1215 2388 nos
1226 2337 1300 2405 pedes

250 2415 277 2467 b.
286 2435 309 2468 s.
321 2417 419 2468 nondita
427 2426 452 2468 et
460 2418 558 2468 humata
567 2425 754 2484 summaeque,
791 2417 1001 2470 ferent—Pius.
1013 2421 1104 2484 ναῖκες
1113 2421 1298 2486 Phoenissis,

249 2509 364 2567 tanquam
376 2517 427 2550 rem
437 2515 537 2564 sacram,
548 2497 625 2548 oculis
636 2515 754 2565 usurpare
788 2503 931 2567 gravitersb
937 2503 1056 2572 ilarpago,
1062 2503 1200 2572 Cyriduoe,
1207 2505 1301 2558 obsessi

249 2581 318 2631 neiss
328 2589 375 2642 est,
389 2581 496 2632 insolens
508 2579 648 2646 dissipabit.
664 2580 754 2648 Sepni-
790 2593 815 2636 et
829 2585 928 2651 jara=nd
947 2587 1100 2638 deditionem
1116 2605 1186 2656 pane
1204 2589 1298 2656 adacti,

248 2681 289 2716 cra
297 2663 364 2714 enim
372 2663 423 2729 jam
435 2681 480 2732 per
489 2682 516 2716 se
528 2663 641 2730 religiose
651 2665 698 2718 ooli
707 2667 754 2718 de·
790 2683 866 2736 quum
878 2671 982 2738 patriam
994 2687 1044 2722 una
1056 2689 1110 2724 ounr
1121 2674 1266 2740 conjugibus
1275 2685 1303 2726 et

250 2748 356 2813 bebant;
370 2745 432 2815 (Cic.
442 2748 615 2816 Quaest.'l'uso.
627 2749 650 2816 1,
660 2762 700 2812 ts,
712 2749 756 2802 ubi
791 2751 878 2804 iibsris
889 2755 939 2804 sais
949 2755 1103 2822 relinquendi
1113 2757 1235 2824 cepissent
1243 2773 1301 2809 oon·

248 2829 304 2882 ride
309 2831 432 2902 interpr.)
439 2832 517 2886 multo
526 2833 664 2900 religiosius
673 2845 754 2887 suum
791 2834 890 2901 silium,
901 2837 1043 2906 priusquam
1053 2838 1206 2890 diseederent
1212 2877 1220 2905 ,
1230 2857 1299 2892 snas·

247 2915 385 2984 sepulerum
404 2915 480 2970 Urbis
501 2919 635 2972 eonditsris
656 2919 755 2972 Romtdi
790 2917 948 2968 ssmferriin
960 2935 1027 2970 mare
1038 2918 1159 2986 injecisse,
1170 2933 1195 2972 et
1210 2939 1236 2974 se
1250 2941 1298 2974 non

248 2999 367 3064 (laudant
375 2999 462 3053 Claud.
476 3001 583 3064 XXVI,
596 3013 644 3054 too
656 3007 753 3072 seqq.),
790 3002 874 3068 prius,
886 3019 960 3070 quarn
975 3003 1017 3055 iila
1028 3021 1059 3054 ex
1073 3005 1135 3056 mari
1149 3007 1297 3073 emersisset,

247 3085 329 3154 quod,
342 3094 370 3136 nt
384 3083 487 3154 Cntquii
501 3085 629 3138 Scholiast.
644 3103 674 3138 ex
684 3085 753 3137 Var-
790 3087 913 3138 redituros
922 3103 985 3150 esse,
998 3090 1064 3140 inter
1074 3093 1252 3143 exsecrationes
1258 3092 1298 3158 ju-

248 3183 308 3220 rons
319 3167 403 3230 donet,
414 3185 459 3236 pro
467 3168 563 3221 Rostris
575 3169 630 3219 fuit.
641 3197 674 3207 -
686 3169 753 3234 Quas
790 3183 855 3218 rasse
868 3169 1013 3238 traduntur3
1026 3171 1076 3222 rid.
1091 3171 1184 3224 Herod.
1200 3174 1222 3234 1,
1235 3183 1295 3226 too.

248 3253 436 3312 carentomus,
446 3251 562 3304 similiter
572 3269 639 3320 supr.
648 3251 700 3318 ΙΙΙ,
708 3263 754 3318 aa,
790 3252 913 3304 —erirs'ras
920 3271 1017 3306 exesor.
1028 3256 1115 3324 Agma
1124 3269 1202 3328 atqm
1209 3257 1296 3316 Lana,

249 3346 299 3388 aa:
314 3345 452 3405 «mretrpm
467 3335 530 3404 Ripa
548 3337 615 3403 vagis
633 3336 754 3389 taciturna
789 3351 816 3387 so
832 3338 979 3390 ensomndo
994 3347 1020 3392 et
1029 3339 1079 3392 diis
1093 3339 1211 3394 Manibus
1220 3342 1297 3394 dero-

248 3421 335 3472 ventis.
346 3419 485 3490 a-—Nsfirs
495 3419 593 3479 orders,
605 3421 716 3488 apposite
727 3422 752 3472 in
788 3417 874 3484 ¹retrado,
886 3419 907 3470 si
917 3437 1023 3489 unquam
1036 3423 1129 3474 rediret
1141 3425 1167 3475 in
1180 3425 1294 3494 patriam.

247 3505 311 3558 bano
322 3521 373 3557 rern
386 3505 488 3556 Mitsnb.
499 3521 529 3556 ex
542 3504 750 3574 Pseudo-Pbocyi.
788 3529 823 3540 -
832 3503 889 3561 ns,
903 3502 981 3573 pedes
996 3508 1214 3578 quorunquefir.
1227 3525 1295 3578 supr.

246 3609 270 3642 r.
281 3601 324 3648 94,
336 3601 381 3652 att,
391 3589 479 3641 affert:
492 3587 535 3643 nti
546 3585 635 3658 nipssos
645 3589 752 3659 φθιμένου
788 3585 839 3651 ΙΙΙ,
850 3597 891 3653 tt,
902 3598 935 3639 49
945 3605 952 3636 =
961 3607 974 3635 s
982 3587 1004 3648 Ι,
1016 3589 1090 3656 pedes
1099 3605 1149 3658 quo
1162 3600 1186 3642 ta
1197 3591 1297 3659 rapiunt

247 3669 366 3742 dropbips,
374 3668 429 3740 μήτ’
437 3671 527 3722 attare
536 3667 611 3738 Adia-r
620 3671 700 3742 ἠελίῳ,
711 3670 752 3723 nsi
788 3679 815 3722 et
822 3687 896 3722 aum.
907 3691 920 3719 n
929 3671 1078 3732 -vocabs't,
1091 3675 1159 3726 renti
1170 3676 1237 3726 anim
1247 3677 1297 3728 bue

247 3753 368 3826 δαιμόνιον
379 3754 449 3822 gabar
462 3755 540 3826 ὄρσῃ.
552 3776 567 3806 υ
787 3754 1296 3825 sanareridentnr,qnoirnpeilunt.En.-

284 3848 326 3891 stt.
337 3835 750 3909 Forre,quti1expadiat,etr.fl.s.
784 3850 927 3907 protervus,
940 3839 973 3889 oi.
987 3839 1019 3890 ad
1029 3838 1053 3905 Ι,
1065 3847 1110 3901 26,
1123 3849 1149 3890 a.

246 3923 349 3973 tortasse
361 3931 404 3972 aut
420 3922 584 3974 communiter
595 3939 679 3976 anana
690 3961 697 3991 ,
709 3933 753 3976 sut
821 3933 866 3973 aa.
881 3920 926 3973 Sic
935 3921 1042 3992 placet?
1051 3939 1081 3974 er
1094 3924 1241 3978 senteutiam
1251 3941 1295 3977 rn-

244 4011 309 4054 aarts
328 4003 416 4055 melior
435 4019 509 4072 pars,
530 4023 595 4058 nuno
612 4007 750 4076 dispicitis,
785 4004 1219 4092 glutiniopnula.-secundaalr'te‚
1231 4009 1295 4073 bono
