3010 4556
479 413 585 486 ,ιιιι
612 411 954 499 tinemuta.
1178 367 1250 508 499
1357 473 1361 482 .

305 551 340 620 si
356 549 440 619 flava
458 552 623 620 excutitur
641 548 767 636 Chloe,

353 657 559 762 Rejectaeque
574 682 668 763 patet
680 669 783 764 janua
798 667 932 763 Lydiae?
1212 688 1250 727 ²⁰

666 831 801 878 Lama.

305 948 516 1039 Quamquam
533 941 641 1014 sidere
656 943 803 1040 pulcrior

356 1060 416 1132 Ille
430 1075 551 1149 est;·tu
565 1061 669 1133 levior
681 1065 826 1153 cortice,
841 1079 875 1134 et
889 1065 1044 1158 improbo
1138 1114 1144 1126 .

308 1178 503 1250 Iracundior
520 1179 648 1249 Hadria
662 1206 672 1267 3
862 1261 868 1272 ἴ

357 1300 480 1368 Tecum
492 1299 603 1367 vivere
617 1321 745 1387 amem,
760 1313 869 1368 tecum
884 1299 1003 1368 obeam
1016 1297 1136 1368 libens.

211 1473 267 1525 dem
276 1473 446 1542 rationeVirg.
457 1473 714 1542 AEanssmagnum
750 1483 802 1534 tur;
821 1475 974 1542 cogitandum
991 1475 1105 1545 inprimis
1122 1475 1154 1530 da
1165 1478 1253 1539 Luna,

212 1558 234 1609 si
245 1567 342 1626 patore
351 1559 437 1625 possit,
451 1557 593 1608 Excussisse
603 1556 686 1608 deum.
699 1577 713 1604 a
749 1557 816 1624 eujus
826 1557 949 1626 splendori
958 1559 1048 1627 passim
1058 1559 1195 1627 pulcmrum
1207 1559 1255 1612 ior-

212 1640 415 1710 -potetjanuc
425 1637 528 1707 Lydia,
542 1650 569 1692 et
577 1640 653 1708 janua
663 1639 714 1710 ty·
749 1657 844 1693 marum
860 1643 926 1695 nitor
941 1645 1121 1712 equiparatur;
1138 1644 1174 1696 sic
1184 1660 1252 1713 supr.

212 1721 259 1773 die
269 1760 277 1783 ‚
289 1739 362 1791 quam
381 1723 526 1789 rejeceram,
547 1721 713 1790 neglexeram,
748 1727 787 1791 11,
801 1736 827 1794 a,
839 1738 883 1789 ta,
895 1727 926 1780 de
932 1727 1065 1782 Chloride:
1078 1728 1157 1782 salbo
1163 1728 1198 1781 sic
1206 1730 1254 1780 ho-

212 1801 301 1858 lterum
316 1807 378 1858 milri
390 1817 469 1877 patet,
486 1809 509 1859 si
522 1824 561 1858 me
570 1809 659 1860 iterum
671 1805 713 1859 ad·
750 1829 817 1864 mero
827 1811 957 1873 nitens,Ut
965 1829 1026 1880 pura
1036 1821 1153 1865 nocturno
1160 1812 1257 1864 renidet

213 1891 312 1944 mittere
329 1891 398 1943 velia.
420 1892 508 1944 Malim
529 1891 666 1958 intelligere
682 1891 714 1944 da
750 1894 820 1946 Luna
831 1895 925 1945 mari.»
936 1923 969 1933 -
982 1895 1083 1954 cortice,
1091 1896 1180 1947 subere
1192 1893 1253 1962 (gal-

212 1977 286 2042 janua
294 1975 408 2043 Horatii,
421 1993 492 2048 qna,
511 1994 576 2032 nunc
593 1977 657 2030 mala
670 1992 713 2028 rs-
749 1980 811 2032 lice:
821 1977 858 2030 du
870 1977 955 2051 uage).
969 2006 1003 2018 -
1014 1977 1122 2049 rinpmlso
1130 1977 1254 2030 lmcunsl

209 2061 317 2131 jactam,
327 2060 413 2114 iterum
424 2061 526 2131 Lydiam
533 2062 655 2113 admittat.
663 2059 710 2111 En.
749 2059 858 2121 Hadra,
866 2078 933 2129 supr.
943 2078 1039 2131 quoque
1047 2061 1069 2126 1,
1077 2073 1121 2125 ³³,
1132 2072 1173 2123 ta,
1183 2061 1256 2130 Myr-

249 2155 291 2197 at.
311 2143 398 2198 Sidera
411 2147 530 2216 pulcn'or
542 2145 570 2199 ls.
589 2163 612 2198 e.
626 2143 713 2196 sideria
751 2144 810 2196 tales
831 2143 1023 2195 iracundiorem
1036 2143 1110 2195 maris
1121 2141 1258 2195 Hadriatici

213 2227 314 2296 alicujus
323 2228 475 2298 splendorem
484 2229 568 2282 torma
578 2228 715 2281 suanitore
750 2237 810 2280 estu
818 2225 1131 2294 comparatum-Tecum,
1142 2227 1257 2292 suaviter,

214 2321 310 2380 superat
317 2331 325 2376 ;
337 2313 402 2381 apud
413 2311 487 2365 Hom.
501 2313 572 2366 iliad.
583 2311 635 2376 Vl,
645 2323 714 2378 sot,
750 2320 777 2364 et
797 2326 853 2362 mam
875 2310 967 2362 affectu
990 2311 1081 2362 amoris
1102 2310 1133 2362 ad
1154 2317 1257 2362 mortem

212 2392 339 2466 Astyanax
357 2396 461 2468 ἀλίγκιος
476 2395 556 2468 deripi
577 2402 643 2467 καλῷ
655 2397 717 2449 dici-
753 2411 830 2466 usqne
840 2397 1021 2464 perseverantis
1033 2393 1180 2464 repositorii
1194 2393 1242 2447 Ea.

633 2541 842 2560 m

250 2634 380 2688 Assarsss.
402 2635 526 2706 Motypia
539 2637 591 2692 sira
607 2637 754 2690 obtrectatio
769 2637 837 2689 inter
854 2633 983 2689 Horatium
1000 2643 1026 2688 at
1041 2631 1145 2703 Lydiam
1159 2631 1259 2698 gliscere

215 2729 328 2789 osepmat.
345 2719 426 2776 Ambo
441 2723 599 2775 conveniunt.
621 2721 738 2776 lloratius
755 2723 862 2791 primum
879 2737 1016 2785 summam,
1030 2735 1120 2789 qoam,
1132 2719 1201 2772 rollo
1211 2717 1260 2772 alio

215 2807 295 2860 adhoc
312 2807 360 2862 sibi
377 2809 404 2860 in
420 2825 504 2862 amore
521 2824 536 2860 a
554 2807 632 2878 Lydia
651 2809 768 2877 prelato,
787 2809 925 2876 perceperit
943 2805 1101 2870 felicitatem,
1120 2807 1259 2860 mollissimi

215 2895 305 2948 amoris
314 2895 405 2948 allecto
419 2896 519 2950 laudare
532 2895 627 2963 incipit.
642 2895 783 2964 Respondet
794 2895 888 2964 Lydia,
909 2911 954 2946 nec
970 2895 1089 2948 minorem
1104 2911 1188 2962 suam,
1200 2895 1260 2947 dum

215 2980 265 3034 sola
273 2981 305 3032 ab
315 2979 417 3035 Horatio
425 2991 505 3034 amata
516 2980 603 3044 luerit,
612 2980 752 3034 felicitatem
761 2981 845 3048 luisse,
852 2981 958 3048 graviter
967 2989 992 3033 et
1000 2979 1258 3034 loculenterostrndit.

213 3067 279 3120 Tum
289 3067 416 3130 Horatius,
427 3079 456 3122 ut
467 3078 524 3122 urat
535 3077 674 3138 psrngatqae
685 3069 800 3138 Lydiam,
809 3067 865 3121 nori
874 3069 974 3130 amoris,
986 3069 1025 3119 cui
1036 3087 1062 3120 ae
1074 3084 1139 3120 nnnc
1149 3067 1260 3120 deditum

214 3173 266 3210 esse
279 3157 394 3225 simulat,
409 3158 560 3212 mentionem
578 3157 646 3210 lacit.
664 3157 714 3212 Pas·
728 3160 781 3228 pari
797 3159 873 3211 relert
886 3158 972 3227 Lydia.
985 3157 1040 3208 lam
1052 3155 1260 3208 maturationem

213 3241 340 3310 lloratias,
351 3253 377 3296 et
389 3243 454 3311 pacis
464 3243 616 3297 conditiones
630 3244 688 3296 lert.
703 3245 781 3314 Lydia
794 3245 876 3296 statim
886 3241 1262 3310 msaoeipi13atsiclitmollis·
1309 3263 1316 3272 ·

193 3393 196 3398 Ι
214 3329 271 3383 simi
283 3333 465 3404 firmissimique
477 3333 567 3386 amoris
579 3333 887 3400 redintegratio—Quum
900 3347 985 3392 socna,
995 3347 1043 3399 qua
1058 3330 1083 3381 in
1094 3330 1194 3395 gratiam
1205 3343 1261 3382 cam

215 3415 292 3486 India
302 3419 366 3471 redit
376 3418 506 3484 lloratiua,
518 3419 572 3472 fere
582 3419 615 3470 sit
624 3420 772 3482 dramatico,
785 3421 893 3472 suaviter
902 3417 1049 3486 colloquium
1060 3413 1126 3466 inter
1137 3429 1163 3464 se
1173 3423 1199 3464 et
1209 3413 1261 3480 Ly·

215 3501 280 3554 diam
292 3515 373 3557 ortum
384 3505 416 3558 ad
426 3505 544 3557 caminis
555 3506 664 3558 amoebai
680 3507 783 3559 formam
794 3516 820 3559 et
834 3505 898 3573 leges
908 3501 1057 3572 composuit;
1069 3509 1093 3553 et
1103 3500 1151 3563 sic,
1161 3498 1226 3567 qnod
1235 3495 1263 3549 ia

215 3587 261 3644 hoc
274 3591 382 3643 carmine
394 3590 563 3644 dulcissimum
581 3601 633 3657 est,
650 3592 698 3658 iis,
710 3609 765 3661 que
782 3603 892 3644 amanter
908 3589 1039 3660 respondet
1049 3586 1140 3657 Lydia,
1151 3599 1263 3654 sesupe-
1309 3603 1312 3614 ·

216 3676 265 3726 rari
275 3693 360 3744 passus
370 3677 575 3730 est—Ceterum
586 3677 687 3732 lectores
699 3679 763 3748 ipsi,
776 3697 824 3734 non
837 3677 926 3731 amoris
943 3677 1015 3730 rudes
1022 3713 1030 3743 ,
1044 3671 1180 3744 percipient
1189 3667 1263 3738 liujus

216 3761 372 3816 mellitissimi
389 3763 505 3818 carminis
522 3765 689 3832 dnlcedinem,
705 3783 777 3836 quam
794 3765 905 3819 certatim
922 3765 1053 3836 propinare
1063 3759 1210 3814 studuerunt
1222 3758 1263 3810 in-

216 3857 344 3917 terpretes.

249 3932 319 3988 lianc
328 3935 400 3988 dam
414 3936 466 3989 isra
480 3938 512 3989 ad
522 3939 623 3992 verbnm
641 3941 667 3992 in
682 3953 776 3992 menam
794 3935 920 3992 transtulit
933 3935 1078 4000 molimina,
1090 3931 1191 3986 Amant¹
1203 3931 1262 3985 Μι-
1362 3917 1365 3934 ’

216 4019 294 4088 gnita
311 4035 357 4076 act.
377 4023 423 4087 11,
441 4025 571 4080 intermed.
583 4027 641 4097 111,
659 4045 724 4082 men.
736 4024 806 4094 vn,
820 4035 846 4078 et
855 4025 981 4078 amborum
992 4019 1126 4076 amantium
1138 4019 1262 4094 totiusspre

216 4106 283 4160 thori
293 4109 448 4163 mdosicme
459 4109 524 4164 leiici
536 4111 660 4180 eleganter
669 4113 782 4168 absolvit.
797 4111 848 4163 En.
