2952 4558
259 332 329 412 224
539 330 1018 416 Q.HORAT11.FLACCI

402 467 528 534 Metata
547 465 685 558 privatis
703 490 841 561 opacam

450 583 600 652 Porticus
619 585 808 678 excipiebat
822 587 948 656 Arcton
962 613 970 654 ε

356 700 424 768 Nec
441 698 614 769 fortuitum
632 725 791 795 spernere
808 703 965 796 cespitem

353 819 459 911 Leges
477 818 648 907 sinebant,
665 818 791 913 oppida
809 818 942 914 publico

399 937 516 1004 Sumtu
532 936 687 1029 jubentes
704 953 739 1006 et
753 941 904 1007 Deorum

449 1051 586 1147 Templa
604 1079 693 1124 novo
711 1053 870 1125 decorare
886 1077 973 1122 saro.
1004 1124 1005 1127 ,
1258 1073 1295 1112 ²⁰

255 1271 445 1341 plo...jussit»),
454 1272 759 1344 admensuramdscempe-
792 1274 880 1328 do'rom
889 1273 1006 1335 edificia,
1017 1287 1114 1340 muros,
1125 1281 1151 1324 et
1162 1272 1224 1338 alia,
1241 1288 1296 1341 quae

254 1357 340 1408 darum
352 1355 422 1408 lacta.
433 1385 467 1394 -
473 1357 590 1427 proauis,
603 1373 636 1409 sc.
649 1357 758 1410 homini·
793 1357 824 1409 ad
839 1367 967 1409 externum
981 1355 1123 1424 oppidorum
1133 1354 1172 1405 rel
1182 1355 1296 1422 splendo-

254 1441 315 1504 bus;
335 1438 362 1490 ri
375 1440 480 1510 pnbntis
498 1439 563 1492 baud
582 1458 636 1493 cum
654 1441 710 1493 aliis
727 1441 758 1492 ad
793 1457 845 1492 rem
861 1439 898 1491 rel
918 1439 1102 1508 amplitudinem
1121 1439 1296 1506 pertinent.-

253 1519 421 1592 decempedis,
441 1521 467 1574 iu
481 1539 538 1574 casu
551 1532 620 1575 sexto
633 1524 753 1590 positum,
793 1522 884 1574 Sumtu
901 1522 1020 1592 publico,
1040 1524 1067 1574 h.
1089 1539 1114 1574 e.
1134 1538 1235 1588 magno,
1253 1523 1296 1591 qui

255 1605 423 1672 referendum,
437 1605 479 1658 sed
494 1605 520 1656 in
532 1622 588 1658 cam
605 1607 676 1658 tertio
691 1606 756 1658 arci-
792 1604 966 1672 rempublicam
975 1604 1190 1662 deceret-novo,
1198 1603 1297 1656 aliunde

255 1687 370 1755 piendum
386 1703 440 1740 esse
456 1688 752 1756 existimo-opacam,
790 1688 1200 1756 quasitoetrccensercisopusum
1206 1703 1295 1738 novum

254 1769 311 1838 qnia
320 1766 755 1836 ArctousireSeptemtriolocaadse
790 1769 922 1836 opponitur
937 1769 1026 1838 cespiti
1024 1767 1145 1837 fhrmr'to.
1169 1767 1295 1820 Nimirum

253 1867 322 1903 rema
331 1849 502 1918 opaouieddit.
792 1847 819 1898 iu
834 1848 897 1914 agris
914 1847 1091 1915 Romanorum,
1105 1849 1220 1902 ubiante
1236 1867 1295 1902 casu

285 1925 333 1985 tr.
345 1930 508 2001 Necfimur‘t.
518 1945 603 2000 spem.
613 1945 679 2001 carp.
689 1931 757 1999 leges
792 1928 935 1984 humiliores
948 1948 978 1984 ex
991 1931 1081 2000 cespite
1092 1941 1234 2001 constructe
1243 1943 1294 1986 ste-

254 2013 334 2066 sr'ueb.
347 2013 452 2068 Sensus:
469 2029 515 2066 nec
529 2013 660 2064 secuudum
677 2014 755 2078 leges,
794 2021 886 2076 urant,
900 2029 964 2064 nunc
976 2012 1125 2080 amplissima
1134 2029 1166 2064 ex
1174 2014 1295 2081 lapidibus

253 2113 307 2166 qum
318 2105 369 2148 tum
378 2097 499 2162 rigebant,
508 2095 649 2146 hominibus
656 2095 756 2162 privatis
791 2095 916 2164 quadratis
925 2095 963 2147 rel
973 2111 1092 2150 marmore
1100 2097 1230 2162 surgebant
1236 2098 1296 2148 redi·

172 2237 173 2240 Ἴ
254 2175 383 2231 demusin
401 2179 465 2244 agris
483 2185 608 2229 exstruere
625 2176 714 2228 licebat
725 2193 756 2228 ex
790 2179 891 2230 licia—
899 2178 1097 2243 moresensi
1106 2181 1321 2248 cnjusnonire-¹

255 2259 348 2325 magnis
358 2258 494 2326 lapidibus,
503 2259 592 2326 quibus
600 2258 689 2325 oppida
699 2267 755 2308 tan·
789 2277 867 2330 quens
879 2278 937 2312 usus
947 2271 1008 2328 erat,
1020 2263 1078 2330 quia
1089 2261 1192 2329 privatis
1204 2263 1297 2314 edibus

255 2353 307 2394 urm
318 2342 452 2394 etdcnrnm
465 2341 554 2408 templa
569 2341 756 2408 publicosumtu
791 2361 840 2396 non
851 2345 1015 2397 adhibebatur
1023 2363 1031 2409 5
1051 2345 1088 2398 vel
1104 2345 1169 2413 quod
1184 2347 1215 2396 ad
1228 2357 1296 2398 rete-

255 2424 364 2478 decurari
373 2425 531 2490 jubebantur,
545 2423 588 2474 sed
599 2437 664 2476 casas
675 2438 705 2475 cx
715 2441 756 2479 ue-
793 2443 847 2478 rum
861 2427 1006 2496 templorum
1020 2429 1195 2496 reparationem
1207 2429 1296 2480 educe·

254 2506 755 2576 spitelortuito.-sortuimm,rulgarem
792 2511 875 2564 batur.
897 2511 1018 2564 Ceterum
1041 2510 1145 2580 privatas
1168 2511 1231 2561 mdes
1251 2525 1295 2560 ea·

254 2607 374 2659 quemque
381 2628 396 2656 ,.
402 2592 429 2642 iu
446 2605 521 2659 quem
534 2590 596 2642 forte
613 2590 757 2658 incidimus3
793 2611 894 2663 rumque
911 2594 1018 2646 triclinia
1032 2593 1137 2645 Deorum
1152 2593 1251 2661 templis
1265 2611 1297 2644 a·

256 2671 347 2743 ubique
357 2673 689 2744 formabilem-cespitem
700 2674 757 2726 hinc
791 2686 865 2748 quma
884 2676 994 2743 queritur
1014 2674 1152 2738 Manilius,
1169 2675 1205 2738 v,
1225 2687 1294 2728 aur:

255 2755 320 2823 apud
333 2755 405 2821 Virg.
421 2755 514 2821 Ecll,
531 2757 624 2823 6⁹,de
638 2757 756 2823 ejusmodi
796 2774 887 2810 cnunc
895 2758 946 2824 jam
958 2756 1060 2810 luxurie
1072 2768 1181 2826 pamel
1192 2756 1297 2810 triclinia
1372 2805 1375 2810 .

255 2852 324 2888 casa:
338 2857 351 2885 n
363 2839 444 2903 auguri
455 2848 593 2904 congesmm
607 2839 698 2907 cespite
706 2838 759 2892 sul-
796 2841 892 2909 templis
901 2851 1073 2894 concertant.»
1089 2841 1295 2903 addebucan.ll‚

257 2917 474 2991 menn-oppida,
483 2920 760 2989 iutelligepublicaoppi·
798 2933 857 2974 stt.
869 2933 895 2974 et
906 2939 973 2992 seqq.

675 3096 883 3122 ...-...,...

292 3237 423 3292 Ananrsrs.
436 3236 477 3289 Ad
485 3236 629 3306 luxum,qui
638 3247 688 3289 tum
699 3237 799 3290 Romam
811 3237 996 3304 immigrarerat,
1004 3237 1299 3307 pertinebatesiuprimis

258 3324 444 3392 magnificentia,
453 3341 507 3394 qum
519 3324 550 3374 ab
560 3323 701 3376 bominibus
714 3324 816 3390 privatin
828 3325 854 3374 in
866 3324 1069 3392 amplissimorum
1079 3322 1244 3388 edificiorum,
1255 3325 1298 3392 pi-

255 3411 387 3478 scinarum,
394 3426 443 3461 non
452 3409 482 3460 ad
489 3425 638 3461 communem
649 3408 792 3473 utilitatem,
800 3408 842 3460 sed
851 3409 882 3459 sd
890 3408 965 3462 solam
973 3409 1117 3478 voluptatem
1125 3408 1297 3476 spectantium,

257 3515 303 3551 usu
311 3507 383 3568 atque
394 3498 544 3567 possessione
554 3499 697 3566 ponebatur.
709 3499 740 3550 lu
749 3500 795 3551 boc
804 3500 915 3550 insanum
927 3499 1001 3564 igituir
1011 3497 1146 3565 periurum
1156 3507 1230 3565 atque
1239 3496 1299 3550 libi-

255 3581 339 3634 dinem
354 3581 473 3650 pereundi
487 3581 651 3650 perdendique
665 3583 748 3634 omnia
764 3583 871 3648 studium
885 3583 1004 3635 nobiliore
1018 3581 1193 3654 indignationis
1207 3583 1298 3634 ellectu
1331 3633 1333 3638 .

256 3665 372 3718 lloratius
388 3666 415 3717 in
431 3666 477 3716 hoc
488 3667 595 3718 carmine
609 3667 740 3733 invehitur,
752 3676 908 3735 veterumque
920 3667 1083 3720 Rornanorum
1093 3667 1216 3719 severiore
1225 3668 1298 3719 disci-

257 3752 339 3820 plina,
351 3750 489 3817 frugalitate
498 3761 523 3802 et
531 3751 680 3806 continentia
689 3763 746 3804 ante
755 3751 835 3805 oeulos
847 3752 922 3818 posita
932 3787 940 3818 ,
950 3763 1069 3820 quantum
1078 3769 1092 3804 a
1104 3753 1238 3818 majoribus
1248 3753 1298 3804 suis

258 3855 323 3891 nunc
334 3839 533 3904 degeneraverint
544 3839 660 3900 mani,
671 3839 785 3892 ostendit.
