2964 4548
525 391 616 456 nin.
644 388 696 476 11,
724 391 872 461 canu.
899 397 924 462 1.

312 530 447 621 Insigne
466 529 585 596 maestis
603 528 796 622 praesidium
814 535 900 618 reis,

312 645 355 711 Et
372 640 557 712 consulenti
574 641 681 714 Pollio
698 648 817 736 curiae,

361 762 423 830 Cui
441 759 551 831 laurus
568 777 708 833 aeternos
726 765 871 836 honores

408 877 597 949 Dalmatico
614 884 745 976 peperit
763 883 945 979 triumpho.

247 1021 250 1030 ’
311 999 384 1066 Jam
403 1021 491 1066 nunc
507 999 629 1068 minaci
646 1005 816 1072 murmure
830 1027 992 1076 cornuum

307 1110 512 1212 'Perstringis
529 1143 641 1188 aures:
655 1123 724 1215 jam
740 1114 814 1191 litui
828 1137 999 1218 strepunt:

360 1236 434 1304 Jam
451 1235 561 1332 fulgor
577 1261 747 1308 armorum
763 1240 897 1334 fugaces

408 1355 643 1450 Terretequos
659 1359 872 1452 equitumque
887 1359 1004 1431 uultus.
1114 1369 1117 1376 '

315 1467 441 1538 Audire
457 1497 597 1566 magnos
611 1475 680 1566 jam
698 1475 815 1544 videor
832 1473 932 1547 duces

314 1586 392 1656 Non
409 1587 568 1658 indecoro
585 1589 721 1685 pulvere
740 1593 909 1684 sordidos,

218 1789 317 1853 bantur,
327 1807 373 1858 pro
389 1789 441 1859 ipsa
454 1793 580 1860 ingredia,
589 1793 626 1846 rel
639 1795 719 1854 subii:
756 1814 803 1868 qua
814 1797 916 1868 polleat,
927 1797 1023 1850 dicendi
1034 1807 1087 1850 arte
1098 1797 1255 1852 adumbratu-

218 1871 295 1924 miore
306 1871 429 1924 scribendi
445 1890 549 1940 genere,
566 1877 604 1927 uli
620 1894 718 1936 roeeus,
757 1897 797 1930 rus
808 1879 849 1929 sit.
861 1876 964 1931 Tribuit
980 1879 1057 1945 igitur
1065 1879 1089 1931 ei
1103 1879 1213 1946 laudem,
1230 1883 1256 1932 in

217 1953 310 2005 caleam
325 1955 456 2024 humilior,
477 1975 521 2026 pro
536 1960 667 2028 cumdii,
683 1961 720 2014 vel
755 1980 802 2034 qua
812 1979 905 2015 summa
913 1961 1071 2016 historiarum
1079 1964 1203 2032 scriptoris
1209 1963 1258 2015 rir-

212 2035 349 2091 ‘humiliore
366 2039 488 2093 scribendi
500 2058 604 2110 genere;
619 2043 678 2096 inlr.
694 2047 719 2097 in
756 2055 795 2098 tus
809 2046 925 2098 cernitur.
945 2072 980 2084 -·
995 2043 1164 2114 Per-siringii,
1184 2045 1258 2110 ieris,

219 2117 298 2188 Epist.
310 2123 341 2172 ad
351 2121 403 2174 Pis.
418 2143 431 2170 a
443 2127 551 2177 carmina
565 2143 639 2195 prope
654 2145 720 2180 sorno
758 2125 1261 2200 impellis-Terretequosequitumque

218 2199 289 2269 digna
299 2225 327 2267 n,
340 2215 364 2258 et
376 2223 400 2255 v.
416 2217 467 2259 aso
478 2207 510 2259 de
523 2207 650 2278 AEsehylo‚
665 2229 678 2256 a
689 2211 722 2263 El
757 2209 857 2270 vultus,
870 2211 927 2280 equi
939 2227 1027 2279 nempe
1035 2227 1157 2263 armorum
1168 2211 1260 2277 fulgore

218 2285 298 2340 dotauit
309 2305 470 2358 magnumque
482 2291 564 2361 loqui,
575 2294 721 2364 nitiqueoo-
756 2301 950 2360 oonaternanlur,
965 2303 991 2346 et
1005 2293 1114 2362 equitum
1123 2293 1204 2346 vultus
1215 2312 1261 2362 pe-

221 2369 316 2424 thurno.
330 2394 344 2422 »
363 2371 397 2424 Et
409 2375 467 2428 hine
478 2375 613 2446 Virgilius,
628 2379 721 2434 Pollio-
757 2375 834 2428 rimlo
841 2376 985 2430 imminente
994 2375 1112 2446 pallescit.
1121 2375 1263 2432 -Audoe

220 2471 274 2508 nem
284 2455 397 2524 Sophocli
409 2459 574 2528 aequiparans,
584 2462 637 2530 ejus
646 2482 659 2510 n
667 2480 722 2516 car-
758 2477 863 2530 magnos
869 2459 928 2531 jam
937 2459 1028 2514 vriieor
1034 2458 1128 2521 duces,
1139 2471 1184 2514 eto.
1198 2461 1262 2514 Sen-

221 2539 286 2591 mina
294 2540 345 2592 sola
355 2541 491 2612 Sophocleo
501 2547 721 2614 oothoruodignan
759 2559 800 2596 sus
812 2561 817 2593 :
830 2543 881 2610 jam
893 2543 995 2596 auribus
1005 2544 1130 2614 percipere
1146 2543 1209 2596 mihi
1222 2544 1262 2596 vi-

221 2623 507 2693 mseaitAEulolell,
522 2629 725 2702 to.—Insr'gne
758 2623 894 2680 ‹leorvoces
911 2637 937 2679 et
947 2627 1028 2696 jussa,
1045 2627 1225 2696 quibusmagni
1238 2638 1264 2680 et

223 2709 346 2758 maestis...
359 2710 455 2780 peperit
468 2709 604 2782 triumplu,
615 2729 660 2781 pro
667 2711 724 2764 vui-
760 2711 849 2778 egregii
860 2712 933 2764 duces
945 2709 1036 2764 milites
1053 2711 1083 2764 ati
1099 2729 1203 2781 pugnam
1217 2730 1263 2764 ex·

222 2789 275 2854 gari
289 2807 294 2837 :
309 2789 428 2859 oPollio,
441 2793 480 2845 vir
490 2793 686 2859 consultissime,
700 2802 725 2846 et
760 2789 902 2858 hortantur,
922 2803 948 2844 et
967 2794 1003 2846 sic
1020 2805 1126 2863 presens
1142 2795 1211 2866 qnasi
1222 2813 1263 2848 oo-

222 2870 376 2926 victoriarnm
385 2875 459 2944 gloria
467 2877 725 2948 domine-pm
761 2889 846 2940 gnosco
861 2873 981 2944 quomodo
990 2886 1079 2946 preter
1087 2878 1202 2932 invictum
1213 2875 1264 2930 Ca-

220 2953 315 3008 ssiisirm
334 2959 397 3018 reri,
413 2959 482 3012 (locta
503 2969 640 3023 structura,
659 2977 723 3030 pro:
763 2958 827 3010 tonis
846 2961 955 3010 animum
976 2969 1040 3013 totus
1060 2971 1180 3014 terrarum
1198 2961 1266 3014 orbis

221 3041 361 3108 presidium
371 3059 484 3107 reorum,
498 3045 542 3112 qui
554 3044 603 3096 reis
615 3043 728 3113 presidio
763 3041 875 3094 umectus
885 3042 925 3094 sit.
938 3071 973 3081 -
982 3042 1053 3096 Aua.
1066 3047 1199 3116 magjau:
1208 3041 1263 3095 vil.

221 3121 290 3184 ades,
302 3141 343 3177 eos
353 3125 447 3192 egregie
456 3122 578 3178 delendis.
592 3156 625 3165 -
632 3144 728 3178 oonsu-
763 3119 824 3174 duc.
834 3124 956 3194 explicant
965 3125 1032 3178 iere:
1042 3126 1098 3178 lam
1108 3127 1194 3179 audire
1203 3125 1265 3177 mihi

222 3203 384 3266 lentieura'oe,
394 3209 490 3259 senatui
502 3207 534 3259 de
547 3209 619 3260 rebus
632 3210 728 3276 pasio-
764 3205 881 3258 videvita
898 3207 1038 3260 recitantem
1049 3205 1081 3259 de
1092 3210 1185 3275 magnis
1194 3207 1265 3260 duci-

222 3288 289 3341 ribus
297 3290 457 3343 deliberanti.
470 3321 505 3332 -·
518 3293 628 3345 Dabunt.
640 3293 729 3344 mism-
764 3287 826 3355 bus,
837 3299 883 3340 ete.
897 3290 939 3340 sed
951 3289 985 3340 sic
996 3287 1076 3339 omnis
1087 3291 1161 3356 hujus
1171 3291 1216 3344 loei
1228 3291 1266 3340 vis

219 3369 276 3441 plu,
294 3375 391 3438 Pollio,
412 3375 443 3428 (le
461 3375 592 3428 Parthenis
613 3377 726 3446 proprie,
764 3371 1270 3440 tollitur3lectorenimi'ollionisdebellit

223 3457 310 3522 pupulo
326 3457 445 3526 Illyrico,
464 3467 547 3510 oonlra
562 3475 623 3528 quos
641 3459 728 3509 missus
763 3455 876 3508 civilibus
893 3453 1001 3508 historie
1017 3471 1066 3506 non
1082 3451 1161 3518 legere
1172 3453 1204 3502 de
1217 3471 1265 3521 pu-

224 3537 301 3590 iuerat
317 3542 349 3592 ab
363 3540 486 3609 Antonio,
500 3543 651 3611 triumphum
666 3543 723 3608 egit.
762 3541 828 3608 gnis,
843 3537 886 3590 sed
898 3539 924 3590 in
938 3539 990 3606 ipss
1002 3551 1083 3604 pugna
1092 3532 1164 3585 simul
1174 3536 1267 3586 versari

224 3617 270 3672 Dio
282 3623 411 3692 XLVIII,
424 3637 455 3678 ti
468 3645 476 3690 ς
488 3623 596 3694 Appian.
606 3626 638 3677 de
649 3625 679 3676 B.
693 3625 723 3676 C.
762 3623 809 3675 sibi
820 3623 931 3686 videtum
945 3622 1013 3673 audit
1024 3635 1142 3672 cornuum
1155 3634 1266 3670 murmur

224 3703 258 3755 V.
271 3717 315 3774 aa,
332 3726 356 3777 p.
374 3719 452 3760 last.
466 3707 621 3776 quiquidem
637 3709 727 3760 trium·
763 3718 788 3758 et
795 3707 911 3758 lituorum
922 3706 1065 3773 strepitum,
1076 3702 1143 3755 ridet
1156 3709 1266 3756 consur-

224 3787 284 3856 phus
302 3789 517 3843 honorificentiore
535 3790 633 3842 nomino
647 3791 726 3842 dietus
762 3801 828 3842 natos
843 3805 933 3858 equos,
948 3784 1265 3853 auribusigiturpercipere

222 3883 258 3924 est
272 3875 449 3926 Daonaeicus..
762 3871 1096 3944 quoquesibirideturipsas
1108 3869 1195 3921 (lucum
1205 3869 1271 3922 mili-

259 3971 298 4010 ιτ.
318 3959 439 4028 Sequitur
452 3959 518 4012 locus
532 3960 601 4025 longo
614 3959 728 4028 pulcher·
767 3959 832 4010 tibus
846 3956 1019 4026 imperantium
1029 3953 1204 4007 voees-Non
1213 3954 1266 4008 aad.

224 4042 305 4096 rimus.
318 4043 376 4096 lam
392 4062 458 4095 nunc
469 4045 546 4095 omlis
560 4043 611 4096 suia
625 4045 730 4110 subjecta
762 4043 835 4111 pulv.
849 4039 914 4093 sord.
928 4041 1008 4092 decori
1021 4040 1088 4092 enim
1101 4049 1138 4092 est
1147 4041 1266 4094 vimlorti

222 4143 272 4180 esse
283 4131 318 4182 ait
330 4139 411 4199 poeta
421 4145 476 4196 quu
486 4125 565 4180 Pollio
576 4145 619 4195 pm
629 4129 726 4192 insigni,
764 4125 842 4192 pulvis
853 4127 879 4174 in
890 4139 970 4190 pugna
983 4121 1111 4190 mlleetur,
1123 4123 1181 4178 hino
1193 4143 1259 4193 supr.
