2834 4546
449 323 619 393 METRA
645 325 841 396 LYRICA.
1141 349 1164 420 0

129 459 400 550 Gujmque-igitur
415 459 558 525 membri
578 459 690 524 ultima
708 459 832 548 syllaba
849 459 967 526 eodem
981 463 1070 546 jure,
1085 462 1163 528 acsi

129 589 207 638 esset
224 572 337 636 ultima
352 592 481 649 versus,
498 585 532 634 et
542 570 652 657 longa,
669 585 703 634 et
715 570 826 635 brevis
839 593 908 635 esse
920 585 1040 657 potest,
1050 591 1160 660 neque

129 680 263 746 eliditur.
276 683 348 744 lloc
357 701 513 746 versuum
520 701 624 766 genus
632 677 1021 748 invenissetrchiloehus
1030 679 1159 746 dicitur.

40 865 42 872 y
129 788 270 854 llmultie
287 788 415 854 lloratii
435 787 619 854 editoribus
641 788 759 876 singuli
777 788 1062 862 versucia-binos
1082 789 1163 855 divi·

129 898 244 964 duntarr
255 899 342 978 illos,
354 921 396 963 ex
410 899 529 986 quibus
543 899 716 986 compositi
729 913 816 964 eunt.
833 901 875 962 Et
884 919 975 978 sane,
988 913 1025 962 ut
1036 899 1160 964 Gesne-

129 1009 355 1088 machaeram,
370 1005 634 1072 commodissima
648 1023 734 1073 esset
745 1007 871 1074 divisio.
891 1007 957 1074 Sed
972 1007 1090 1072 acriter
1101 1029 1163 1096 pro

129 1141 234 1184 versus
243 1117 429 1206 integritate
439 1133 564 1205 pugnat
575 1115 753 1198 Bentleiue,
764 1117 1002 1207 Hephaestionis
1015 1117 1166 1183 aliorum·

128 1248 187 1314 que
207 1225 495 1310 grammaticorum
513 1225 705 1291 auctoritate
723 1226 846 1291 fretus..
858 1226 909 1292 cf.
928 1249 1019 1291 num.
1035 1225 1164 1291 antece·

128 1333 214 1400 dena.
229 1337 278 1398 Ex
291 1333 426 1398 lloratio
439 1333 506 1398 lruc
517 1334 705 1422 pertinent:

168 1493 220 1554 20.
246 1495 366 1555 Versus
385 1489 603 1576 elegiambus,
620 1489 821 1578 compositus
839 1513 959 1580 nempe
976 1513 1015 1556 ex
1032 1489 1165 1578 elegiaci

128 1621 236 1664 versus
257 1597 392 1662 dimidio
414 1621 440 1662 s.
462 1597 718 1684 penthemimcri
737 1597 900 1688 dactylica
915 1597 1026 1686 (num.
1051 1597 1111 1684 ll)
1130 1611 1164 1660 et

130 1731 222 1774 versu
231 1708 372 1774 iambico
384 1707 527 1772 dimetro
540 1708 716 1774 acatalecto
728 1707 830 1794 (uum.
847 1710 891 1796 2).

185 1861 245 1879 -νν
295 1857 358 1880 -υν
410 1837 504 1906 -ιῐυ
557 1857 597 1878 υ-
649 1857 690 1876 V·
742 1859 782 1878 ν-

411 1949 429 1970 υ

183 1929 464 2100 Deinerinrparibel
473 2035 581 2080 certare
591 2023 738 2080 submotus
749 2023 854 2100 pudor.
868 2022 964 2097 Epod.
978 2041 1022 2090 11,
1036 2023 1079 2078 18.

182 2127 283 2184 Libera
296 2125 415 2183 consilia
426 2141 480 2180 nec
493 2125 671 2182 contumeliae
685 2141 794 2200 graves.
809 2123 904 2198 Epod.
918 2141 962 2190 ιι,
974 2121 1020 2178 26.

181 2227 295 2286 teretia
307 2225 407 2284 furere
420 2225 505 2304 sylvis
517 2225 660 2312 honorem
673 2225 790 2283 decutit.
805 2223 900 2302 Epocl.
916 2243 963 2292 u„
972 2221 1001 2280 6.

181 2327 349 2384 Ferridiore
357 2345 440 2383 mero
449 2345 552 2384 arcane
561 2339 711 2402 promorat
719 2323 869 2404 loco(cum
876 2322 974 2402 biatu).
984 2323 1041 2400 Ep.
1054 2342 1098 2394 ιι,
1109 2329 1152 2397 14.

169 2450 272 2516 listiu
285 2463 394 2514 metro
406 2451 462 2518 XI·
555 2523 558 2528 ,

174 2605 225 2668 tt.
244 2608 367 2670 Versus
380 2601 580 2690 iambelegue
590 2599 790 2689 procedenti
804 2597 927 2676 airuilie,
940 2596 1003 2661 nisi
1014 2593 1104 2682 quod
1117 2593 1166 2655 in-

133 2735 227 2776 rcreo
242 2713 359 2778 ordine
374 2711 561 2776 membrum
576 2709 750 2775 iambicum
766 2707 924 2796 precedit
941 2721 975 2771 et
989 2704 1167 2791 elegiacum

130 2821 344 2909 subsequitur.

227 2975 270 2994 υ.
320 2971 362 2992 U·
415 2973 458 2992 U·
511 2949 679 3022 Vrii-vv
732 2967 797 2986 -UV
848 2977 866 2987 n

415 3071 458 3082 --
535 3037 587 3110 ul

222 3143 272 3198 Tu
281 3141 347 3196 vina
357 3140 507 3213 Torquato
518 3151 602 3190 more
612 3133 728 3190 consule
737 3149 834 3207 pressa
844 3149 918 3186 meo.
930 3129 1024 3206 Epod.
1036 3127 1080 3196 13,
1092 3115 1134 3183 id.

221 3245 334 3300 Iaevare
345 3238 426 3297 duris
434 3246 553 3314 pectora
563 3231 810 3290 sollicitudinibus.
825 3229 919 3306 Bpod
934 3227 979 3297 13,
993 3247 1036 3285 ιο.

134 3381 141 3392 ·
166 3358 222 3421 Eut
236 3355 272 3420 iu
286 3355 447 3420 metroX.

481 3527 511 3596 g.
541 3505 669 3570 Versus
687 3501 811 3570 ionici.

165 3700 220 3766 Sic
237 3697 319 3763 dicti
335 3696 381 3762 ob
399 3692 502 3784 pedes
520 3692 666 3758 iouic0a¹
685 3689 859 3778 exquibus
877 3700 1040 3754 constant.
1060 3685 1168 3749 Unum

128 3823 248 3874 tantum
260 3805 349 3895 apud
359 3803 533 3870 Horatium
545 3801 655 3866 talium
665 3822 818 3866 versuum
828 3821 931 3886 genua
942 3793 1122 3885 reperitur:

162 3999 183 4036 t.
206 4007 287 4024 cc--
302 3985 397 4038 ionium
409 3999 424 4033 a
437 3981 544 4042 minore,
557 3997 642 4021 --w
655 3978 748 4030 ionicut
761 3993 775 4027 a
788 3976 885 4040 maiore·
