2834 4546
231 347 280 418 oc
513 343 557 432 Q.
583 343 795 412 HORATH
821 341 997 410 nascor

233 481 352 554 Filium
367 481 483 552 dicunt
493 479 644 550 Thetidis
661 481 721 550 sub
735 479 910 550 lacrimosa
921 481 1029 573 Trojae

425 605 573 689 Funera,
587 625 629 670 ue
641 599 747 670 virilis

233 719 347 790 Cultus
360 722 395 790 in
408 718 532 790 caedem
546 735 580 789 et
593 720 712 814 Lycias
725 720 918 813 proriperet
931 717 1102 786 catervas?

232 939 476 1004 Thetidcm5bcrum
485 938 737 992 eludendorumcausa
774 937 920 990 Achilleidc.
954 937 996 990 Ci.
1022 937 1094 988 Bion.
1122 935 1194 1004 ldyll.
1226 935 1275 988 VI.

231 1022 274 1073 illa
286 1021 364 1074 filium
379 1039 450 1074 suum
467 1022 530 1090 apud
540 1022 698 1090 Lycomedem
709 1023 735 1073 in
811 1034 851 1074 tt.
873 1021 928 1073 Sub
947 1023 1044 1074 bomin
1064 1018 1126 1072 Tm.
1133 1019 1203 1090 sun.
1222 1037 1276 1072 cuns

230 1105 304 1174 Scyro
320 1105 368 1157 sub
384 1105 451 1156 cultu
470 1103 585 1156 muliebri
605 1103 736 1156 occultasse
772 1105 853 1159 Graeci
874 1107 905 1158 ad
927 1105 1019 1158 bellurn
1040 1105 1233 1157 funestissimum
1251 1121 1277 1156 se

230 1191 330 1254 dicitur,
343 1189 408 1241 uude
426 1189 447 1240 is
464 1189 734 1252 deinde‚curn1)eida-
772 1191 923 1258 accingerent
931 1190 1049 1261 3suneru
1060 1206 1105 1258 pro
1116 1187 1191 1252 bello,
1203 1187 1276 1238 fune-

231 1275 301 1337 mire,
318 1273 387 1340 cujus
401 1289 483 1324 amore
501 1281 585 1341 captus
603 1273 697 1336 luerat,
710 1287 736 1322 ee
773 1289 918 1326 rumcausa.

229 1359 309 1410 virum
327 1357 486 1427 prodidisset,
502 1356 535 1408 ab
545 1355 630 1426 Ulysse
644 1357 669 1407 in
680 1355 735 1406 bel-
811 1367 852 1408 to.
874 1353 975 1423 Lycias,
988 1356 1013 1407 b.
1026 1372 1048 1406 e.
1061 1353 1194 1422 ijanas3
1208 1355 1274 1422 Lycii

228 1442 280 1493 lum
300 1441 435 1508 Trojanum
457 1449 592 1510 protractus
616 1449 661 1490 est.
683 1439 736 1490 Fu·
772 1441 849 1504 enim,
866 1442 1005 1510 Sarpedone
1019 1451 1044 1492 et
1054 1439 1148 1492 Glauco
1162 1440 1275 1501 duribus,

228 1527 280 1577 aina
297 1527 361 1578 banc
383 1543 434 1578 rem
459 1524 570 1578 tractarit
593 1525 685 1576 Statius
710 1526 735 1574 iu
773 1524 935 1590 Troianorum
947 1525 1047 1576 lucum
1056 1524 1124 1576 socii.

264 1815 396 1869 Asaarsrs.
415 1813 507 1882 Lydia,
519 1822 561 1864 aut
570 1829 728 1882 quecumque
738 1813 784 1864 sub
796 1815 848 1880 ejus
860 1815 958 1866 nomine
968 1813 1068 1867 lumina
1077 1815 1135 1867 latet
1144 1857 1151 1881 ‚
1161 1817 1272 1887 Sybarim

230 1907 263 1957 ita
273 1919 355 1956 amore
363 1911 513 1970 corruperat,
520 1911 548 1952 ut
557 1900 654 1952 omissis
663 1902 787 1965 omuibus,
794 1918 848 1970 quc
857 1903 988 1968 ingenuum
999 1901 1174 1955 adolescentem
1186 1904 1272 1956 Roma-

228 2007 287 2044 num
294 1991 419 2052 decerent,
429 1987 654 2050 exercitationibus,
664 1997 775 2040 totumue
784 1987 896 2040 mollitiei
907 1987 1023 2053 traderet,
1035 1999 1060 2041 et
1070 1989 1133 2058 apud
1143 2007 1207 2054 eam,
1219 1999 1272 2041 tan-

228 2095 301 2148 quam
312 2073 423 2131 Achilles
436 2075 461 2128 in
471 2073 613 2144 Lycomedis
627 2091 737 2144 gynaceo
753 2075 917 2128 delitesceret.
929 2073 1015 2136 Poeta.
1027 2087 1054 2128 ut
1066 2075 1169 2146 Sybarin
1180 2077 1211 2129 ab
1228 2077 1273 2129 bcc

226 2183 308 2218 amore
318 2173 409 2226 avocet,
419 2179 559 2230 generosam
569 2164 621 2229 ojus
632 2161 740 2214 indolem
750 2179 815 2214 nuuc
823 2164 952 2226 deflexam,
959 2163 1118 2216 viridissimis
1125 2164 1271 2217 delineatam

226 2251 328 2320 picturis
344 2249 369 2302 ei
386 2249 419 2302 ob
434 2247 515 2300 oculos
532 2249 616 2318 ponit,
635 2250 669 2300 ita
686 2259 765 2300 tamen
778 2259 806 2302 ut
816 2250 889 2317 hujus
901 2251 937 2302 rei
947 2251 1042 2319 culpam
1054 2251 1080 2302 in
1092 2253 1208 2320 Lydiam,
1220 2270 1273 2320 que

226 2335 296 2387 illum
312 2333 480 2385 illecebrarum
498 2349 596 2383 suarum
613 2333 706 2402 laqueis
717 2332 872 2386 constrictum
884 2345 974 2399 teneat,
987 2345 1060 2386 totam
1070 2337 1210 2388 transierat.
1222 2339 1272 2390 Ar-

226 2419 334 2489 gumenti
348 2419 421 2485 hujus
437 2418 521 2468 terius
534 2415 657 2486 praularia
668 2428 768 2468 ornatus
781 2419 849 2487 lyrici
859 2432 1030 2488 compensatur
1038 2422 1186 2485 uirtutibus;
1201 2425 1273 2496 eique

225 2506 412 2576 pertractatione
419 2504 488 2556 docta
498 2503 611 2554 acririda
620 2503 685 2555 barrd
691 2504 796 2569 vulgaris
804 2506 894 2556 aocedit
901 2507 986 2572 gratia.
997 2507 1048 2558 Sub
1055 2497 1154 2576 Sybaris
1161 2511 1271 2568 nomine.

227 2593 333 2645 nobilem
339 2590 444 2660 aliquem
451 2590 597 2652 Romanum,
608 2589 671 2642 lorte
680 2589 911 2658 equestrisordinis,
923 2591 1007 2656 latere,
1019 2602 1272 2663 proptereampestre·

226 2677 412 2731 exercitationes
421 2693 458 2728 rr.
473 2686 488 2728 t
502 2693 556 2746 sqq.
568 2685 722 2742 marcatas,
735 2686 799 2728 recte
809 2677 915 2743 colligas.

260 2763 353 2816 Conlm
362 2763 407 2816 boc
416 2781 512 2816 tarmen
522 2781 575 2816 uim
587 2763 690 2816 Terent.
704 2765 769 2816 Eun.
781 2764 820 2828 11,
832 2777 856 2828 t,
870 2777 901 2816 ts
914 2775 938 2816 et
949 2765 1029 2818 Plaut.
1042 2767 1151 2820 Mostell.
1163 2771 1187 2834 1,
1198 2781 1225 2832 a,
1237 2781 1268 2824 ua

224 2859 249 2899 et
263 2860 291 2900 rt
304 2848 347 2900 ubi
358 2849 449 2902 dicitur
458 2867 530 2919 quam
542 2867 624 2904 amore
635 2851 661 2902 h.
674 2868 697 2902 e.
711 2851 814 2904 mollitie
823 2852 896 2904 boruu
907 2851 1058 2905 immutetur.
