2964 4548
484 315 576 382 niu.
602 316 635 402 1,
662 316 810 386 canat.
837 317 937 387 xvr.
1184 339 1230 427 9,

188 453 315 517 imitatum
328 467 384 502 nam
403 441 493 504 ut'ille
503 449 662 506 Quandmm
676 453 735 508 iacit
749 455 877 508 vaticinari
896 456 977 508 futura
993 458 1053 512 belii
1068 461 1186 532 Troiani,
1200 468 1235 520 its

188 541 229 592 hic
241 540 361 591 Proteum
372 539 491 604 (scribere
502 541 579 594 voluit
587 541 718 612 Neaeram).
734 563 746 591 u
758 571 793 582 —
806 543 861 595 Jam
873 562 931 596 vero
941 563 1016 614 quum
1026 549 1168 604 vaticinium
1179 556 1235 606 edi-

189 631 238 681 turi
249 629 337 681 altiore
346 629 436 698 spiritu
448 645 590 696 exsurgere,
602 641 627 682 et
637 648 718 682 rerum
729 631 867 684 futurarum
878 633 1007 700 imaginem
1015 637 1157 693 sublimiore
1166 643 1235 710 quasi

187 717 272 767 animo
286 716 414 784 cmcipere
428 715 539 782 soleant,
557 715 642 784 heile,
660 735 705 769 mr
717 731 807 786 poetar,
826 721 857 771 ad
873 719 1049 774 sublimitatem
1067 725 1235 794 adspirantes,

188 805 251 856 vatis
262 822 327 874 sepe
338 823 467 875 personam
478 805 617 873 induerint,
630 809 734 876 intelligi
747 819 835 878 potest.
849 809 905 878 Quo
916 811 991 879 magis
1001 824 1082 868 autem
1095 818 1140 870 hoc
1148 821 1179 871 de
1190 837 1236 872 ex·

188 891 254 943 cidio
263 892 345 958 Troiae
357 891 501 944 vaticinium
511 895 711 946 accommodatum
724 907 787 947 esset
794 897 898 952 carmini
907 898 997 968 lyrico,
1012 917 1042 952 eo
1054 904 1165 971 cupidius
1175 906 1236 959 iliud

189 976 240 1028 sibi
253 977 403 1030 meandum
421 977 509 1029 sumsit
524 977 743 1050 lloratius31prem
754 983 852 1052 quidem
868 1001 911 1050 eo,
928 986 993 1053 quod
1009 985 1092 1038 Nereo
1104 989 1237 1060 inprimis,

191 1064 272 1114 sedem
284 1079 352 1115 suam
365 1063 391 1115 in
405 1066 468 1116 mari
478 1065 559 1132 AEgeo
565 1103 573 1134 ‚
585 1067 650 1136 quod
659 1067 743 1120 Paridi
756 1071 930 1122 transeundum
941 1082 1007 1138 erat,
1021 1073 1137 1138 babenti,
1149 1077 1236 1131 vatici·

192 1149 272 1200 nantis
286 1159 368 1218 partes
379 1151 541 1219 delegaverit.
558 1153 653 1219 egregio
669 1164 811 1220 argumento
824 1173 867 1206 suo
880 1157 1042 1226 cousuluisse,
1056 1161 1162 1229 quilibet
1179 1163 1236 1216 ani·

192 1239 332 1292 madvertet.
344 1235 468 1308 Compara
476 1277 483 1306 ‚
492 1241 535 1310 qui
545 1241 663 1294 Nostrum
676 1242 784 1294 imitatus
799 1253 850 1309 est,
865 1245 927 1297 Stat.
944 1244 1034 1300 Achiil.
1046 1249 1070 1317 1,
1081 1263 1114 1303 so
1125 1269 1192 1322 seqq.

192 1437 1235 1468 *nmmuunwwuwwnmmmmmmmmn

499 1637 770 1724 CARMEN
799 1641 930 1726 XVI.

582 1835 847 1892 Pantitoma

212 2031 283 2085 Cum
291 2027 470 2105 Tyndaride,
480 2043 567 2100 quem
576 2025 675 2082 iambis
685 2025 809 2092 iusserat,
820 2023 850 2078 in
860 2023 980 2098 gratiam
990 2023 1086 2079 redire
1095 2034 1222 2078 consmr.

288 2219 320 2284 O
336 2231 446 2286 matre
459 2215 575 2314 pulcra
592 2217 660 2287 filia
675 2212 835 2312 pulcrior,

288 2336 400 2422 Quem
414 2335 603 2406 criminosis
616 2361 747 2430 cunque
760 2333 849 2404 voles
864 2331 999 2404 modum

386 2456 493 2522 Pones
506 2455 644 2543 iambis;
658 2456 727 2523 sive
742 2453 892 2540 flamma,

338 2571 416 2640 Sive
430 2571 516 2642 mari
531 2570 613 2642 libet
626 2569 811 2642 Hadriano.
896 2647 898 2660 ,

293 2687 371 2756 lion
383 2687 610 2783 Dindymene,
626 2713 694 2758 non
708 2686 816 2782 adytis
830 2687 937 2780 quatit
1221 2681 1237 2739 ὅ

235 2898 257 2936 t.
273 2885 356 2951 Quem
367 2886 433 2938 cnbs.
445 2904 526 2959 eunq.
538 2887 591 2938 vol.
605 2895 650 2938 etc.
668 2887 695 2938 h.
733 2899 840 2956 cunque
855 2879 956 2933 modum
969 2880 1057 2932 iambis
1066 2895 1159 2950 pones,
1178 2891 1215 2932 est
1230 2899 1235 2929 :

194 2985 216 3019 e.
229 2968 300 3035 dele,
312 2985 406 3037 quaeso,
415 2987 560 3038 qtmcunque
570 2971 641 3022 mode
650 2969 698 3021 tibi
733 2979 833 3035 sortem,
841 2981 1011 3036 quamcunque
1017 2965 1087 3030 libet,
1097 2962 1185 3017 iambis
1192 2965 1239 3016 tibi

194 3051 310 3120 placebit,
321 3051 466 3106 criminosos
475 3053 584 3122 iambos,
597 3053 648 3104 sive
658 3069 698 3104 eos
734 3067 825 3120 ponere
836 3060 861 3102 et
876 3051 1008 3102 decernere
1020 3048 1113 3100 licebit.
1128 3077 1164 3087 -
1175 3049 1244 3098 mari

195 3135 333 3204 inignem,
352 3137 443 3189 sivein
461 3153 562 3207 aquam
581 3137 700 3206 projicere
735 3133 877 3192 Hadriano,
894 3151 938 3202 pro
951 3153 956 3184 :
971 3133 1129 3197 Hadriatico;
1141 3142 1241 3200 ornate,

194 3221 274 3271 uaris.
285 3247 323 3258 -·
333 3220 410 3272 iurrvb.
422 3221 494 3272 crim.
505 3220 597 3280 lambi,
610 3221 700 3290 quibus
735 3235 781 3288 pto
792 3237 798 3267 :
811 3233 873 3286 aqua
881 3233 1034 3288 quecunque.
1045 3219 1148 3270 -Pari
1159 3220 1240 3287 modo,

194 3301 284 3367 pr'unus
294 3319 380 3356 eorum
390 3313 475 3356 auctor
483 3301 644 3356 Archilochus
655 3301 697 3368 (Α.
735 3317 788 3371 quar
797 3302 889 3353 frustra
901 3302 927 3352 in
939 3300 1035 3351 laudem
1047 3303 1130 3352 amice
1139 3320 1188 3353 sure
1200 3321 1242 3354 ορ·

194 3383 221 3435 P.
234 3399 265 3440 re
277 3407 284 3437 ε
301 3387 501 3440 «Archilochum
511 3389 610 3457 proprio
620 3389 701 3441 rabies
736 3387 829 3439 cinerat
838 3385 962 3449 clrmina,
976 3383 1052 3435 deleri
1064 3385 1132 3453 cupit
1142 3387 1239 3438 Tibuii.

194 3472 292 3522 amavit
300 3472 392 3525 iambo.
405 3471 446 3540 a),
457 3473 488 3523 ad
501 3471 560 3523 alios
570 3471 699 3524 traducen-
737 3469 760 3536 l,
769 3481 794 3536 9,
805 3481 838 3523 te
852 3487 858 3518 r
870 3467 1016 3520 ulllaveiim
1025 3469 1108 3534 rapida
1114 3467 1240 3521 Vuicrnus

195 3551 300 3606 dususus
312 3563 364 3605 est.
378 3563 473 3622 etpost
486 3571 543 3605 enm
557 3553 600 3606 alii
613 3562 699 3623 poete,
737 3555 844 3607 tarrnina
861 3555 957 3606 flamma
971 3552 1091 3618 Torreat,
1108 3561 1133 3601 et
1147 3551 1240 3622 liquida

195 3635 305 3690 dicuntur
320 3639 467 3698 criminosi,
486 3641 545 3709 quin
561 3657 601 3690 res
617 3649 702 3708 turpes
737 3639 817 3690 deleat
828 3639 907 3690 amnia
918 3651 988 3706 aqua.
1004 3655 1017 3682 u

197 3721 278 3786 puellae
287 3724 495 3789 criminabantur,
506 3723 524 3774 i.
538 3741 560 3774 e.
572 3735 699 3777 contume-
776 3734 800 3776 5.
815 3723 907 3788 locus,
921 3719 1008 3790 siquis
1019 3719 1081 3770 alius
1091 3719 1153 3770 mira
1163 3719 1242 3770 subii-

196 3803 264 3869 liosi;
276 3808 300 3858 in
313 3809 360 3860 hoc
369 3825 445 3860 sensu
455 3807 521 3876 apud
530 3806 600 3859 Suet.
613 3805 697 3860 Octav.
737 3805 823 3858 mitate
839 3805 952 3871 insignis.
972 3804 1020 3855 lrae
1038 3803 1161 3868 innurem,
1174 3803 1243 3869 cujus

197 3900 238 3953 tt,
248 3891 554 3948 h'dercrvhrr‘rrorissr'mus,
570 3891 596 3942 b.
612 3907 634 3942 e.
648 3907 702 3942 ma·
737 3890 787 3943 vim
798 3890 870 3942 modo
878 3897 987 3940 senserat
996 3897 1082 3956 poeta,
1092 3886 1142 3952 jam
1151 3885 1244 3936 descri-

194 3971 529 4045 lstlioentissimhs,·tlioitur.
550 4003 586 4014 -
604 3975 701 4040 Quem-
738 3983 913 4044 ptums,novo
922 3970 1002 4040 quasi,
1012 3968 1242 4037 quopoetoeagitari

264 4083 322 4120 roa.
342 4086 361 4120 r.
1078 4083 1096 4152 7
