2834 4546
16 2575 18 2648 l

759 383 1178 415 mmmm·

17 715 22 724 ,
119 587 585 694 PRAEMONITIO
611 589 780 694 novt
808 591 1131 702 EDlTORlS

295 823 362 888 AD
384 822 647 888 LECTOREM
669 823 967 890 BENEVOLUM.

458 1035 462 1044 '
556 1043 703 1064 ——n

141 1231 242 1294 Nmn.
265 1225 310 1292 de
333 1226 473 1292 Horatio
496 1227 782 1316 pronuntiandum
804 1251 975 1318 superesse
999 1228 1159 1310 arbitror,

97 1356 176 1431 post
204 1337 466 1405 celeberrimum
497 1337 578 1404 illud
607 1342 652 1404 bl.
683 1341 722 1404 F.
753 1339 946 1426 Quintiliani
969 1340 1156 1426 judicium:

101 1481 116 1510 a
132 1451 241 1516 biulto
257 1463 308 1514 est
324 1447 446 1512 tersior
461 1446 588 1512 Lucilio
602 1469 640 1510 ac
653 1468 756 1536 purus
771 1447 873 1536 magis
887 1447 1054 1528 Horatius,
1069 1463 1103 1513 et
1116 1445 1159 1514 ad

102 1591 116 1620 ι
133 1557 306 1626 notandos
322 1554 497 1621 hominum
510 1577 622 1620 mores
635 1554 891 1643 precipuus.....
908 1557 951 1622 bt
964 1535 1158 1644 Lyricorum

100 1699 115 1728 ι
132 1667 230 1734 idem
246 1669 400 1732 Horatius
419 1664 491 1730 fere
512 1665 601 1730 solus
621 1664 688 1752 legi
707 1663 847 1752 dignus3
868 1687 945 1730 nam
967 1679 1001 1730 et
1018 1665 1158 1752 insurgit
1193 1669 1200 1680 '

100 1809 116 1838 a
135 1773 332 1866 aliquando,
347 1790 382 1840 et
392 1775 510 1864 plenus
524 1791 574 1840 est
582 1774 798 1860 jucunditatis
817 1790 851 1840 et
868 1776 980 1864 gratias
992 1801 1000 1855 3
1014 1791 1048 1842 et
1060 1776 1158 1842 variis

101 1919 116 1950 ι
133 1889 249 1976 figuris
266 1887 423 1954 etverbis
437 1885 622 1952 felicissime
637 1886 754 1953 audax.
771 1885 918 1975 »(lnstit.
931 1891 1026 1956 Orat.
1042 1887 1102 1954 lib.
1114 1891 1156 1967 X,

98 2020 129 2062 c.
149 1998 219 2082 1‚§
241 1999 285 2061 st
303 2010 338 2060 et
359 1993 436 2084 96.)
456 1993 589 2064 Nullum
610 2009 722 2060 tamen
744 1994 892 2061 invenies
912 1995 1085 2060 Editorent
1104 1995 1159 2060 vel

96 2111 345 2196 Interpretem,
365 2103 538 2193 quinovis
558 2105 713 2170 Flaccum
733 2102 885 2168 laudibus
905 2103 1066 2168 extollere
1085 2127 1155 2170 non

96 2217 252 2296 studeat,
272 2214 477 2302 glorieturve
503 2235 538 2278 ae
561 2212 604 2278 de
626 2213 684 2280 illo
708 2213 956 2279 commentariis
981 2215 1046 2280 suis
1069 2215 1156 2282 bene
1206 2241 1207 2246 ¹

96 2326 275 2392 meritum:
292 2324 388 2390 multi
399 2323 498 2388 etiam
513 2338 694 2389 occurrent
708 2338 888 2412 querentes
908 2323 951 2389 de
970 2313 1037 2390 sua¹
1048 2341 1157 2404 astate,

95 2435 193 2524 quod
210 2434 334 2500 sciolos
356 2455 510 2500 morosos
530 2448 564 2498 et
581 2433 751 2499 vultuosus
768 2432 891 2499 habeat
899 2481 909 2514 ,
922 2433 979 2522 qui
992 2457 1077 2524 saepe
1093 2451 1158 2502 tur·

95 2545 203 2634 picris
215 2545 347 2610 invidia
360 2543 499 2610 stimulis
514 2543 658 2621 excitati,
673 2544 728 2609 vel
743 2543 860 2634 putido
878 2545 1062 2632 arrogantis
1080 2567 1158 2636 pro·
1249 2575 1253 2582 ·

16 2657 17 2660 ’
99 2655 200 2720 casias
218 2653 302 2720 laetu
322 2653 435 2720 omnia
458 2676 527 2742 prae
541 2676 578 2719 se
590 2667 855 2742 prosternentes,
869 2675 909 2717 ea
920 2654 1113 2720 calumniari
1125 2670 1159 2722 et

97 2765 263 2832 damnare
281 2765 421 2844 audent,
434 2787 508 2855 quta
524 2787 597 2830 non
613 2764 725 2853 legere
739 2764 832 2854 prius
850 2781 1068 2844 curaverunt,
1088 2767 1156 2832 sive

93 2876 191 2942 lecta
205 2873 299 2940 nullo
312 2874 409 2942 modo
422 2869 654 2940 intellexera.'
741 2903 744 2911 ·

16 3053 18 3078 l
139 2987 217 3072 Ego
246 2997 376 3062 autem,
399 2983 522 3048 nullius
535 2982 644 3074 james
674 2983 707 3046 ia
730 2983 822 3048 verba
848 2985 995 3069 magr'stri
1016 2983 1058 3050 ab
1085 2984 1157 3074 ipso

16 3083 18 3122 l
91 3093 241 3160 edoctus
259 3095 411 3175 Horatio,
429 3115 528 3183 quam
546 3092 582 3158 in
600 3091 662 3157 bac
681 3090 827 3158 editione
844 3093 991 3182 paranda
1005 3094 1093 3160 mam
1107 3096 1157 3161 in·

90 3226 230 3293 gressus
245 3203 322 3284 sim,
334 3200 435 3268 bodie
449 3199 653 3289 simplicibus
665 3199 890 3288 brevibusque
902 3201 1014 3266 verbis
1030 3216 1157 3268 tantum

90 3311 288 3404 explicabo.
862 3367 868 3384 .

135 3427 178 3491 ln
201 3422 315 3513 primo
339 3421 405 3487 boc
429 3419 600 3488 voluntine
627 3435 807 3486 occurrent
827 3420 1058 3501 solummodo,
1080 3443 1156 3506 cum

89 3533 301 3624 argumentis
324 3547 359 3598 et
377 3530 724 3620 interpretationibus,
741 3533 888 3598 carmina
906 3533 1023 3622 lyrica,
1038 3533 1157 3622 quibus
1296 3569 1304 3584 ·

16 3661 19 3752 l
87 3645 264 3734 praeibunt
294 3641 338 3708 de
366 3641 482 3708 metris
512 3641 704 3708 Horatianis
729 3642 893 3708 nonnulla
917 3664 935 3706 e
961 3641 1155 3708 doctissimis

91 3752 426 3822 commentatoribus
440 3767 609 3841 excerpta.

137 3868 179 3932 In
191 3863 347 3932 secundo
363 3862 548 3942 volumine,
568 3863 748 3928 Satirarum
767 3877 802 3928 et
819 3863 1040 3952 Epistularum
1058 3859 1150 3940 libri;

89 4001 130 4042 ae
147 3976 297 4066 denique
310 3977 377 4042 Ars
388 3973 541 4051 Poetica,
553 3974 626 4062 pari
639 3973 809 4060 diligentia
822 3972 994 4036 illustrata.

140 4086 272 4152 Tertius
284 4082 429 4150 demum
442 4093 478 4146 et
488 4079 617 4146 ultimus
629 4097 738 4146 tomus
749 4079 1007 4165 complectetur:
