2952 4558
213 363 215 370 ’
267 385 335 471 264
544 385 820 472 ouonsru
846 386 1022 456 nascor

359 526 425 591 Ter
439 522 468 588 si
483 536 634 614 resurgat
649 544 762 591 murus
778 521 940 612 aheneus,

359 631 503 709 Auctore
515 637 660 726 Phoebo,
677 654 729 707 ter
743 655 858 732 pereat
874 641 956 708 meis

407 757 543 825 Excisus
558 757 707 850 Argivis,
727 772 779 826 ter
795 783 880 826 uxor

456 877 562 968 Capta
574 876 682 943 virum
697 869 1018 969 puerosque'ploret.
1032 907 1049 942 n

360 995 438 1064 Non
454 993 524 1062 haec
536 994 657 1086 jocosae
674 994 878 1063 conveniunt
891 992 990 1088 lyrae:

359 1111 436 1197 Quo
453 1111 549 1178 Musa
565 1107 695 1178 tendis?
713 1111 837 1177 Desine
852 1107 1023 1202 pervicax

407 1227 546 1295 Referre
562 1251 731 1294 sermones
746 1229 915 1314 Deorum,
932 1243 966 1296 et

456 1347 579 1438 Magna
596 1342 705 1412 modis
722 1359 858 1414 tenuare
873 1345 995 1437 parvis.

263 1565 405 1634 apudVirg.
418 1563 476 1615 AEn.
485 1563 534 1626 IV,
545 1567 713 1618 stt—alite
724 1565 765 1617 lu-
800 1567 907 1636 faciunt,
919 1569 1034 1620 similiter
1046 1587 1059 1615 s
1071 1567 1159 1618 menia
1169 1565 1301 1636 Cyclopum

259 1647 763 1719 gub.··i‚rid.supr.0d.1,t5,s:«Mala
799 1653 882 1704 educta
905 1653 1006 1704 caminis
1023 1672 1036 1700 n
1055 1653 1086 1703 de
1105 1653 1171 1717 regia
1190 1649 1302 1700 Plutonis

261 1733 330 1785 ducis
342 1733 380 1784 ari
397 1733 504 1784 domum.
517 1751 530 1778 a
547 1733 763 1786 ——Dueenteca-
797 1737 860 1805 apud
872 1735 1004 1801 vispvl,
1015 1745 1224 1792 sto-wetere,
1238 1733 1264 1784 b.
1276 1749 1299 1783 e.

261 1831 350 1886 servas,
361 1817 476 1868 similiter
483 1815 549 1866 luno
559 1834 571 1861 s
583 1816 648 1866 ferro
658 1816 761 1868 aoeincu
795 1815 919 1872 conditore
929 1839 936 1883 ;
949 1819 1040 1886 virgil.
1061 1820 1151 1885 Georg.
1172 1817 1231 1883 ΙΙΙ,
1251 1827 1301 1868 tlt:

262 1916 345 1966 agmen
360 1917 466 1951 vocare»
485 1898 655 1965 fingiturapud
667 1898 758 1964 Virgil.
798 1905 895 1972 rije
911 1903 1032 1974 Cynthius
1048 1915 1146 1974 auctor;
1158 1924 1171 1952 s
1185 1902 1218 1953 cl.
1232 1918 1299 1970 supr.

263 1987 322 2038 AEu.
334 1985 370 2047 Il,
382 1996 410 2036 tt
418 1997 480 2036 5.-
488 1981 608 2052 Conjuge
617 1983 764 2033 meJovs'set
797 1985 827 2035 ad
837 2005 859 2036 r.
873 1997 915 2036 ss.
927 2015 962 2024 -
970 1999 1150 2056 uxorcaptc...
1159 1985 1248 2055 pluet.
1259 1983 1300 2036 cf.

261 2087 354 2129 sorore,
367 2080 423 2122 note
434 2085 489 2120 cum
501 2076 591 2135 quanta
599 2068 623 2116 ri
633 2065 672 2116 bis
682 2067 763 2118 verbis
797 2067 871 2120 Hom.
882 2069 955 2132 lliad.
968 2069 1017 2134 lx,
1031 2079 1081 2120 tes
1092 2084 1160 2136 seqq.

261 2154 360 2221 strophe
376 2153 485 2212 finiatur,
501 2161 527 2202 et
536 2161 626 2220 quanta
639 2151 696 2201 inde
705 2167 762 2218 gra·
834 2164 880 2204 su·
889 2153 976 2204 Subita
985 2163 1061 2221 poetae
1071 2153 1101 2204 ad
1112 2169 1148 2214 se,
1157 2151 1195 2202 rel
1205 2151 1302 2202 Musam

262 2236 384 2290 ritas‘den
393 2237 467 2286 minis
476 2234 586 2285 addatur.
600 2233 710 2284 Laudant
720 2251 763 2286 no-
798 2253 865 2288 suam
874 2238 1006 2302 convenio,
1016 2247 1040 2288 et
1047 2246 1147 2304 repente
1153 2250 1304 2303 compressus

262 2322 384 2373 tissimum
398 2319 459 2370 illud
469 2317 584 2382 Virgilii,
596 2317 654 2366 AEn.
666 2319 694 2383 I,
710 2329 742 2370 tt
755 2338 761 2368 ι
800 2320 913 2388 impetus,
922 2339 971 2389 quc
979 2333 1107 2374 setemere
1117 2331 1145 2374 ut
1155 2331 1249 2388 mum
1264 2330 1303 2372 te-

263 2431 275 2448 ·
283 2403 331 2456 Ast
342 2421 385 2469 ego
394 2443 401 2468 ,
411 2421 466 2472 qun
478 2403 562 2452 divum
572 2401 656 2452 incedo
665 2403 763 2466 ragina,
800 2421 872 2454 nuem
886 2405 917 2454 ad
930 2420 981 2456 rem
998 2404 1131 2471 graviorem
1144 2393 1304 2456 enarrandum

264 2487 380 2554 Iovisque
392 2487 426 2536 Et
440 2501 508 2536 soror
527 2493 552 2534 et
563 2483 658 2547 conjux
672 2507 685 2527 ι
697 2485 763 2536 lbld.
800 2487 880 2553 abripi
891 2503 974 2554 passus
985 2488 1033 2554 sit,
1045 2489 1147 2540 mirifice
1160 2487 1233 2540 totius
1246 2477 1304 2539 car-

264 2571 339 2631 Vlll,
348 2568 456 2621 coelii.
463 2566 536 2620 llam.
544 2565 684 2616 Iliad.le
688 2579 762 2628 ,sem
799 2569 874 2620 minis
885 2569 1061 2622 sublimitatem
1070 2580 1149 2637 auget.
1160 2569 1305 2622 Similiters

301 2666 342 2706 ss.
361 2652 417 2702 Ter
427 2651 452 2700 si
459 2660 593 2716 resurgat:
606 2649 669 2698 mira
685 2643 763 2699 dstac'-
799 2651 914 2718 gravioris
929 2653 966 2704 rei
978 2655 1121 2706 tractatione
1129 2655 1228 2706 Musam
1236 2671 1304 2706 susm

263 2757 302 2795 me
313 2737 339 2789 in
350 2733 441 2803 triplici
452 2731 597 2798 repetitione
607 2731 634 2782 b.
646 2750 670 2782 v.
681 2745 766 2783 ten-
801 2745 894 2786 revocat
904 2752 971 2804 supr.
983 2737 1019 2802 11,
1032 2749 1042 2788 t
1055 2747 1118 2789 extr.
1131 2768 1165 2776 -
1172 2739 1303 2807 pews'ecx,

264 2816 489 2874 mumsnlseneus,
502 2831 602 2877 murus,
617 2831 664 2865 non
673 2815 724 2880 jam
734 2833 766 2868 ex
801 2823 829 2866 ut
838 2831 904 2883 supr.
923 2817 942 2867 l.
959 2818 978 2869 l.
994 2833 1092 2887 punctur
1102 2820 1134 2872 de
1150 2819 1240 2886 Musa,
1251 2837 1305 2889 quae

263 2905 402 2973 lapidibus,
414 2910 441 2952 ut
451 2909 536 2964 antes,
548 2898 591 2950 sed
606 2915 636 2948 ex
650 2915 698 2950 aere
707 2916 766 2951 ron-
801 2909 892 2952 temere
904 2909 929 2952 at
947 2903 1063 2954 audacius
1081 2904 1174 2972 aliquid
1195 2905 1304 2968 molitur,

265 2999 340 3040 stans.
349 2983 481 3036 ilincinlr.
489 2981 570 3048 Epist.
580 2980 602 3040 1,
612 2992 636 3044 s,
645 2991 692 3033 oo:
703 2981 766 3032 «llic
801 2991 827 3032 et
838 2983 994 3049 penicaciter
1005 2987 1029 3037 in
1045 2989 1170 3055 proposito
1185 2987 1303 3056 persistit.

266 3065 463 3133 mumsabeneus
472 3071 532 3124 esto,
543 3060 587 3112 Nil
594 3062 700 3114 conscire
706 3063 765 3128 sibi,
801 3065 901 3134 Magna
909 3067 988 3118 modis
998 3081 1105 3122 tenuare
1113 3073 1214 3140 parvis,
1226 3071 1305 3122 subli-

264 3152 332 3207 nulls
348 3150 477 3219 pallescere
492 3145 570 3213 culpa.
585 3166 600 3193 s
613 3146 765 3198 Firmissime
802 3146 851 3199 mia
872 3153 980 3205 carmine
996 3156 1064 3206 tenui
1086 3155 1117 3206 sd
1135 3155 1307 3207 bumilitatem

263 3253 365 3308 qunque
374 3234 441 3286 enim
452 3226 664 3300 poetaefemarel
671 3227 766 3280 aloenea
801 3231 948 3300 deprimere.

302 3564 434 3618 Ararene.
447 3557 570 3612 Nonnulli
577 3569 635 3618 sunt
641 3560 769 3613 clarissimi
780 3562 936 3631 interpretes,
946 3561 1227 3630 interqncsDaeien'us,
1237 3561 1308 3612 tm

265 3653 408 3720 ἀνύσατε,
418 3657 465 3701 etc.
482 3649 525 3716 qni
537 3649 600 3699 banc
613 3649 676 3700 oden
695 3649 750 3703 ideo
763 3660 855 3702 secreto
873 3650 1013 3702 Mmcenatis
1025 3651 1096 3717 jussu
1107 3651 1222 3716 scriptam
1235 3649 1309 3701 luisse

267 3747 368 3807 putent,
381 3743 411 3786 nt
425 3731 550 3798 Augustus
565 3734 730 3787 deterreretur
746 3753 760 3786 a
775 3734 877 3787 oonsilio
888 3735 953 3801 quod
965 3734 1026 3786 olim
1042 3735 1094 3786 Jul.
1107 3733 1190 3786 Gessr
1204 3735 1306 3798 inierat,

264 3825 377 3896 qnodque
391 3837 512 3874 successor
522 3820 627 3874 Caesaris
637 3833 662 3874 et
673 3823 737 3874 tilius
749 3821 875 3890 adoptivus
885 3821 1031 3873 credebatur
1043 3825 1176 3890 repetisse,
1190 3821 1308 3889 migrandi

267 3907 441 3964 Aleiandriam
451 3906 489 3956 vel
498 3906 572 3957 Ilium
581 3943 588 3972 ,
597 3908 720 3958 translatis
730 3907 802 3958 simul
812 3905 899 3973 opibus
911 3907 1024 3974 imperii,
1034 3909 1200 3976 exhaustaque
1208 3907 1310 3960 delecti·

267 3999 313 4048 bas
323 3995 496 4065 Iuliagquam
509 4008 561 4043 rem
577 4004 661 4045 namet
673 3993 803 4046 Suetonius
818 3994 843 4044 in
855 3992 916 4044 Vita
929 3993 1032 4046 Cosanis
1043 4011 1096 4063 cap.
1113 4007 1155 4048 rs.
1168 3993 1240 4046 Hanc
1249 4010 1309 4045 sen—

268 4081 367 4132 tentiam
374 4076 631 4129 confirmantlunonis
641 4079 706 4147 spud
715 4079 789 4130 Divos
797 4079 921 4148 macione,
930 4081 1094 4148 presertimv.
1106 4091 1138 4132 ar
1147 4097 1201 4148 sqq.
1211 4074 1311 4132 ct'sset
