2838 4550
434 333 527 402 Lttt.
553 335 587 422 l,
613 331 762 408 CARM.
789 333 873 404 Vll.

175 471 298 538 Certus
316 470 409 539 enim
427 470 585 564 promisit
602 467 741 564 Apollo,

130 587 334 684 Ambiguum
353 585 471 658 tellure
487 613 574 659 nova
592 585 763 660 Salamina
780 588 936 660 flaturam.

176 709 211 776 Ο
229 707 353 796 fortes,
372 708 554 802 pejoraque
571 709 660 802 passi

130 825 266 895 Mecum
283 849 372 920 saepe
388 825 475 916 viri,
493 847 583 896 nunc
599 826 679 896 rino
694 823 808 922 pellite
825 847 941 896 curas:

179 945 262 1012 Cras
281 945 400 1040 ingens
418 944 613 1018 iterabimus
628 931 751 1040 aequor.

132 1153 158 1192 er
169 1145 273 1212 auspice
282 1143 400 1203 Teucro,
412 1161 504 1212 magna
518 1145 640 1218 pulcritu-
679 1157 727 1198 rt:
741 1147 939 1199 «Tcoousilium
954 1159 979 1200 et
992 1160 1045 1202 tuos
1058 1151 1182 1219 praebente

132 1223 198 1276 dinis
214 1235 239 1275 st
256 1227 294 1277 ris
312 1228 382 1278 mire
397 1229 536 1297 versusqui
551 1229 602 1282 tere
613 1229 640 1282 in
675 1227 750 1292 Deos,
762 1249 776 1276 s
787 1240 812 1282 et
824 1221 946 1282 Ovidiusb
960 1230 1125 1301 «Auspicium
1142 1236 1181 1287 ori

134 1309 287 1376 proverbium
294 1311 528 1364 reuit.Notnrooern
534 1311 642 1366 iilnmre·
675 1313 720 1364 das
729 1313 830 1378 gmnde,
843 1314 953 1385 Deosque
965 1327 1029 1370 tuos.
1043 1339 1056 1366 n

134 1393 636 1462 petitastunronousinemultorigore.
710 1393 1181 1469 succrescuhsuddubiulideibpol-

137 1475 237 1528 Tenem
245 1476 316 1529 duce
327 1491 351 1530 et
358 1497 434 1549 aurp.
450 1479 479 1529 T
475 1497 561 1540 sucro,
574 1481 599 1530 b.
612 1498 635 1532 e.
674 1477 734 1529 liris
751 1480 833 1544 ettim,
850 1498 901 1548 pru
918 1493 1059 1536 ceteromn
1073 1485 1181 1538 Deorum

133 1561 271 1612 ubietdux
280 1572 320 1614 est
329 1563 436 1628 Teucer,
446 1564 550 1616 erbonis
561 1564 638 1633 ipsius
674 1562 795 1628 oraculis,
814 1581 929 1634 responsa
946 1584 1003 1620 vera
1023 1569 1177 1623 ridebantur.
1243 1593 1246 1600 ·

133 1643 222 1696 Teucri
233 1647 350 1714 auspiciis
361 1665 400 1699 res
410 1648 511 1714 geritur.
524 1647 564 1700 Aa
574 1649 638 1700 bons
676 1648 1182 1723 «NonApollinismagisremmatquebou

134 1727 174 1780 ilia
193 1731 303 1799 auspicia
320 1734 428 1800 pertinet
443 1730 566 1801 Apollinis
581 1751 640 1786 nra·
677 1735 1072 1805 responsum,nTerent.etapud
1083 1734 1182 1790 Graecos
1239 1779 1244 1786 .

133 1811 222 1864 onium.
239 1811 358 1879 Quamvis
372 1813 454 1866 Graeci
470 1817 577 1884 auspicia
591 1836 640 1870 uon
675 1818 722 1870 boc
740 1819 863 1886 proverbii
882 1819 934 1872 loco
954 1831 1024 1873 erut:
1044 1827 1113 1874 τοῦτο
1132 1820 1182 1874 test

135 1908 249 1958 nossem,
267 1897 326 1960 bic,
344 1908 372 1948 ut
392 1899 456 1950 bene
472 1908 539 1950 notat
559 1910 643 1953 noster
677 1899 758 1960 &truie
770 1903 801 1960 ὣς
813 1903 839 1952 bs
850 1898 1115 1971 τρίποδος-Λώῳ.
1128 1903 1180 1954 tell.

135 1977 274 2044 Dacierius,
291 1979 416 2033 Teucrum
429 1997 496 2034 more
514 1981 641 2036 Romano·
677 2001 741 2034 nova
756 1982 812 2034 Sal.
825 1975 926 2051 serub.
947 2001 970 2034 e.
985 2001 1046 2035 nora
1060 1985 1183 2037 Salamine

135 2081 187 2116 rum
194 2063 332 2134 turrensem
339 2064 567 2130 inducitlloratius,
575 2067 641 2136 apud
676 2067 774 2118 conditu
784 2068 874 2118 ueteris
884 2065 1015 2117 Salaminis
1024 2067 1124 2132 gloriam
1132 2084 1184 2118 am-

131 2167 189 2218 quos
199 2149 264 2201 nibil
276 2149 467 2217 suscipiebatur,
482 2151 542 2218 quin
555 2151 641 2220 nospi-
676 2150 774 2218 bigotum
791 2151 860 2214 lore,
875 2168 897 2201 s.
914 2150 1068 2202 obscuretum
1085 2151 1126 2202 iri.
1145 2151 1186 2203 Sic

131 2234 167 2286 oia
186 2243 346 2286 sumerentur
365 2251 380 2286 a
402 2235 583 2301 magistratibus
603 2233 641 2288 rel
677 2235 723 2286 lib.
734 2235 774 2298 11,
785 2246 812 2298 tt,
824 2245 870 2296 et,
881 2235 947 2286 dixit
957 2232 1049 2286 Noster
1058 2235 1089 2288 dc
1098 2234 1182 2306 Gyge:

130 2318 243 2371 nucibus.
260 2319 372 2387 Ideoque
389 2337 465 2387 quum
484 2321 558 2374 alicui
575 2321 641 2374 bello
679 2318 774 2386 «Quod
785 2321 806 2372 si
818 2319 954 2389 puellarum
968 2319 1089 2372 insereres
1100 2321 1184 2385 choro,

132 2403 265 2472 imperator
283 2404 336 2472 ipse
353 2413 473 2471 preerat,
493 2407 599 2458 eodone
616 2416 642 2458 et
676 2401 743 2454 Mire
761 2418 855 2470 sagnces
871 2402 968 2456 falleret
980 2403 1124 2472 hospites...
1141 2422 1184 2456 so-

131 2488 229 2555 suspite
248 2486 342 2540 bellurn
362 2488 413 2554 geri
435 2487 563 2542 dicebatur
570 2509 579 2556 ;
601 2490 641 2541 sin
677 2487 736 2539 lutis
747 2487 866 2540 Crinibus
882 2488 1045 2558 ambiguoque
1061 2477 1184 2542 vultu,-

132 2581 215 2623 sutem
227 2589 273 2640 per
283 2572 390 2638 legatum
403 2573 559 2648 imperatoris
570 2590 641 2641 gere-
680 2571 744 2624 Crus
755 2573 809 2642 ing.
825 2574 879 2624 iter.
894 2590 992 2645 sequor,
1004 2589 1070 2640 ergo,
1083 2583 1112 2624 ut
1121 2574 1185 2626 bene

133 2655 220 2717 batur,
232 2673 289 2708 euru
302 2673 356 2708 suos
367 2655 426 2709 deos
437 2657 572 2725 prebuisse
587 2658 641 2708 aie·
676 2657 788 2710 observat
799 2657 838 2709 Cl.
851 2657 954 2709 Mitscb.
968 2659 998 2708 ad
1009 2657 1067 2709 litus
1081 2659 1184 2728 appule-

134 2738 207 2788 bast.
229 2737 271 2790 Sic
287 2739 317 2788 ari
334 2738 470 2806 Augustum
482 2739 574 2792 Noster
589 2737 641 2802 IV,
677 2750 743 2804 rant,
753 2758 821 2794 sacru
830 2740 932 2794 Herculi
943 2743 1040 2794 iacmri

168 2907 308 2962 Assnrsrs.
318 2905 578 2978 DebiunntioPinnco,
586 2913 625 2965 cui
632 2913 749 2966 scribitur
756 2914 915 2977 betesmon,
925 2915 981 2968 ride
988 2932 1014 2984 p.
1023 2927 1067 2982 uu,
1077 2927 1095 2970 t.
1105 2919 1146 2971 111
1154 2917 1185 2973 de
1224 2891 1232 2914 .

132 2997 233 3048 Amisi
243 2995 400 3052 umnam.
412 3000 463 3068 Qui
476 3015 562 3070 quoru,
575 3009 674 3069 propter
688 3009 771 3052 notum
785 2999 811 3050 in
824 2999 938 3052 civilibus
954 3001 1027 3054 bellis
1043 3004 1185 3058 inconstan-

134 3083 202 3148 tism,
213 3083 329 3152 Augusto
343 3103 440 3156 semper
454 3104 482 3140 se
498 3097 638 3156 suspectum
649 3087 767 3154 sentiret,
780 3101 890 3154 magnam
903 3087 960 3139 inde
969 3088 1046 3142 animi
1059 3091 1186 3157 unstruot·

134 3173 794 3244 nemnoutmissemuzquesulutimetnereffiomnrs
802 3173 1188 3244 relinqueruetsponteemlssu

134 3259 266 3310 neuturus
282 3270 330 3312 est.
347 3261 384 3312 lis
397 3271 479 3313 autern
493 3261 644 3330 temporibus
653 3261 801 3330 quicumque
815 3261 894 3328 putris
905 3277 988 3312 curere
1000 3261 1100 3315 mallent
1112 3279 1185 3331 quarn

135 3342 160 3393 is
171 3344 262 3396 tinore
271 3343 370 3408 risere,
390 3361 478 3411 grecas
488 3345 600 3397 civitates
610 3346 638 3397 in
650 3347 729 3414 iisque
745 3347 851 3398 marimo
866 3343 980 3405 liberiora,
995 3343 1185 3413 autlliytilsnsn

135 3430 251 3496 prmus
259 3431 294 3495 (v.
306 3429 360 3482 cic.
372 3430 403 3483 sd
413 3429 469 3482 Div.
483 3429 534 3494 IV,
547 3444 560 3483 r
573 3442 599 3483 er
607 3431 672 3495 vn,
684 3436 719 3498 a).
732 3429 849 3484 nontin
859 3446 917 3482 sero
929 3428 1034 3480 anm
1045 3429 1188 3481 ωιιοιιεωι

135 3525 172 3577 ss,
185 3528 286 3570 nm
300 3531 350 3570 non
366 3516 488 3583 initum,
502 3518 529 3570 iu
539 3517 700 3570 Tibur-sinan
714 3518 794 3587 postus
806 3517 941 3584 regionem,
955 3513 1034 3566 tntis
1048 3515 1186 3567 missi*

135 3615 210 3666 usn,
220 3603 330 3656 uosdst.

170 3689 258 3744 Nesus
264 3693 461 3758 septembrem,
472 3693 504 3744 de
513 3709 563 3763 quo
576 3694 637 3744 odeo
650 3692 794 3744 laborarunt
804 3689 918 3744 nonnulli
932 3691 1129 3758 interpretemur
1142 3688 1188 3741 boe

135 3785 230 3830 urmes
247 3793 277 3830 ex
291 3779 390 3832 duobus
403 3778 507 3832 dirersis
519 3779 649 3831 conflatum
662 3793 715 3830 esse
732 3778 903 3846 opinarentur,
918 3787 956 3828 est
969 3776 1021 3830 iere
1032 3774 1087 3826 bier
1104 3773 1190 3828 leudes

135 3873 188 3912 sus
205 3875 260 3916 sunt
278 3866 363 3934 pacis
378 3865 519 3918 civitatibus
534 3869 560 3918 et
575 3865 706 3917 mutunus
723 3861 875 3916 carminum
889 3863 949 3914 stris
966 3862 1132 3925 astumatum
1147 3872 1187 3914 rns

136 3961 218 4004 suren
228 3958 351 4025 poninus
362 3953 467 4009 detaut
475 3951 638 4010 munuum
646 3953 756 4007 Tiburni
765 3953 847 4021 ruglo,
859 3963 1001 4022 mquoqus,
1010 3951 1109 4015 Ptsnce,
1121 3953 1148 4004 tn
1158 3965 1187 4005 ss

136 4041 288 4108 minimum
307 4045 416 4112 reginos,
431 4043 508 4099 {niul
521 4045 629 4100 deinum
642 4044 768 4113 deponere
783 4041 875 4112 poteris
887 4037 1061 4107 (supplendum
1073 4039 1138 4094 enlm
1152 4053 1189 4094 cst
