2952 4558
263 349 330 423 252
542 351 586 447 Q.
611 349 821 421 HORATlI
845 349 1021 420 FLACCI

404 493 473 560 Cur
487 473 573 558 velle
588 502 775 582 permutem
791 487 914 557 Sabina

450 605 592 676 Divitias
612 605 841 699 operosiores?

348 721 377 755 ,Κ

259 825 685 896 lestlasnmqnecrenntes3rel:cnm
694 833 761 880 muts
797 825 865 880 Flor.
887 823 959 878 (iret.
980 841 1006 894 p.
1029 835 1080 880 ate
1100 842 1106 875 ε
1128 823 1299 898 liquissct-sip

259 909 370 962 laborum
391 925 552 978 curarumque
571 907 682 961 molestie
701 927 761 962 con-
798 907 922 978 ἰπὶ...μὴ
930 905 999 959 ocht'
1009 905 1100 972 duduc,
1110 907 1178 980 ὀλίγα
1187 905 1213 959 ‹l'
1222 905 1300 968 ddisse

257 993 358 1058 juncte.
375 994 407 1045 In
425 993 571 1046 metentium
583 990 707 1047 commode
719 993 760 1046 Cl.
798 991 868 1058 ἔχων,
878 991 958 1042 πενίαν
969 987 1091 1045 dmm
1101 995 1198 1061 μᾶλλον,
1208 991 1301 1048 deiol-

260 1073 762 1144 dehcomparathlensndmpndstob.
798 1074 939 1144 metopo.

297 1357 428 1412 Assnrsss.
448 1361 597 1430 Preceptum
617 1362 678 1415 illud
695 1381 710 1417 e
727 1359 882 1431 philosophia
899 1357 980 1414 Stoice
994 1358 1178 1428 depromptum:
1194 1371 1300 1408 «rernm

262 1445 389 1499 hominurn
402 1446 551 1515 felicitatem,
566 1465 644 1519 neqm
656 1450 682 1501 in
692 1447 801 1518 potentia
813 1450 967 1502 ethonomm
977 1445 1112 1514 splendore,
1123 1444 1236 1512 usquein
1247 1459 1302 1494 mn-

262 1547 363 1597 gnarnm
371 1531 512 1586 dinitiarum
522 1519 685 1602 possessione,
700 1536 743 1588 sed
757 1536 784 1588 in
796 1535 878 1588 animo
891 1533 1036 1604 tranquillo,
1047 1541 1071 1584 et
1082 1531 1109 1583 in
1118 1548 1160 1592 eo,
1170 1530 1235 1599 (1¹¹⁰‘l
1243 1529 1303 1582 ⁵³5⁸

263 1627 315 1682 est,
329 1619 511 1688 acquiescente,
526 1620 661 1688 ponendum
672 1620 867 1688 metiendamque
876 1635 943 1684 esse3
955 1637 968 1667 u
976 1619 1026 1686 jam
1036 1633 1096 1668 nora
1107 1618 1133 1668 in
1143 1616 1188 1668 hoc
1195 1615 1303 1666 carmine

262 1703 439 1754 sententiarum
449 1703 580 1770 peritate,
593 1721 717 1774 noveque,
731 1719 803 1772 quam
820 1703 869 1754 sibi
883 1711 912 1753 ut
926 1701 1044 1754 sacerdoti
1058 1701 1185 1754 Musarum
1200 1699 1303 1766 tribuit,

263 1789 423 1858 auctoritate,
441 1792 556 1861 proponit
572 1801 645 1860 etque
661 1790 822 1842 commendat.
835 1787 921 1840 Nesus
939 1789 1114 1842 sententiarum
1126 1797 1163 1842 est
1178 1787 1230 1838 iere
1243 1786 1302 1838 hic:

263 1873 391 1928 Gravioris
406 1880 542 1944 argumenti
554 1893 650 1930 carmen
660 1915 667 1942 ‚
677 1876 742 1945 quod
751 1892 795 1942 ego
802 1885 942 1928 cantaturus
951 1892 1021 1942 sum,
1031 1883 1124 1926 attento
1132 1873 1214 1925 animo
1222 1871 1304 1940 peroi-

263 1960 330 2028 pite:
341 1961 426 2030 Reges,
437 1963 536 2031 divites,
546 1963 690 2025 nobiliores,
700 1970 725 2013 et
735 1961 779 2012 elii
787 1960 825 2013 rel
837 1960 923 2028 poris,
934 1959 971 2012 rel
981 1959 1058 2026 qratia
1067 1958 1149 2027 populi
1158 1957 1303 2018 eminentes,

259 2045 327 2116 male
337 2047 408 2115 vulgo
419 2049 445 2101 in
455 2065 552 2101 censum
566 2047 700 2100 feliciorem
710 2049 838 2122 hominum
850 2047 1005 2114 reienmtur;
1018 2053 1100 2098 msnet
1115 2043 1182 2096 enim
1198 2060 1240 2096 cos
1255 2058 1303 2095 non

264 2133 341 2186 solum
352 2151 420 2204 equa
432 2136 550 2188 moriendi
562 2135 699 2199 necessitas,
710 2133 753 2185 scd
764 2132 839 2186 iidem
849 2150 953 2202 quoque,
961 2131 1020 2183 dum
1030 2129 1122 2196 vivunt,
1133 2129 1230 2182 miseris
1239 2127 1304 2180 euris

265 2219 395 2284 agitantur.
407 2219 473 2272 ilinc
483 2221 520 2285 lit,
534 2231 562 2274 ut
574 2219 666 2273 medias
677 2220 742 2271 inter
750 2234 819 2270 cures
831 2235 875 2271 nec
886 2216 1075 2270 lautissimsmm
1085 2215 1213 2284 epularum
1224 2214 1306 2266 suari-

266 2309 315 2354 tate
330 2303 486 2366 delectentur,
498 2323 542 2366 noc
556 2305 636 2356 svium
652 2304 800 2373 citharasque
808 2313 881 2357 centu
890 2304 921 2356 ad
929 2319 1041 2356 somnum
1052 2300 1195 2354 invitentur.
1208 2298 1306 2365 Quanto

267 2387 346 2452 major
353 2387 428 2454 igitur
437 2399 484 2452 est,
493 2389 541 2455 nil,
552 2389 600 2440 nisi
608 2390 673 2458 quod
683 2389 743 2440 satis
754 2399 800 2452 est,
809 2389 971 2442 desiderantis
980 2388 1099 2453 felicites3
1114 2389 1135 2438 is
1147 2401 1190 2436 nec
1203 2384 1306 2436 marinis

267 2474 466 2541 tempestatibus,
476 2490 521 2525 neo
530 2483 586 2526 ortu
598 2490 683 2526 casuve
694 2475 802 2528 siderum
816 2475 946 2526 minacium
953 2513 961 2541 ,
973 2492 1018 2526 nec
1028 2472 1160 2541 grandine,
1174 2487 1218 2523 nec
1228 2471 1306 2524 nimie

267 2560 349 2628 pluvie
359 2561 466 2614 nimiove
472 2561 530 2614 solis
539 2572 609 2630 estu,
620 2561 756 2615 sterilitatis
766 2563 856 2625 causis,
867 2564 1033 2632 perturbatur.
1044 2562 1165 2614 Videmus
1177 2559 1305 2629 nuncqui-

266 2646 323 2700 dem
333 2646 422 2700 divites
432 2648 558 2702 immensis
570 2649 690 2702 sumtibus
700 2649 824 2716 magnilica
836 2649 861 2701 in
871 2649 947 2701 meris
955 2649 1043 2712 litore,
1056 2657 1085 2699 ut
1097 2647 1134 2699 ibi
1146 2663 1172 2699 se
1180 2654 1305 2707 recreent,

267 2741 393 2786 exstruere
401 2735 516 2804 edilicin3
526 2733 568 2788 sed
581 2737 656 2788 timor
664 2745 690 2788 et
698 2735 781 2788 tristes
791 2753 854 2788 mre
866 2735 902 2786 ibi
911 2752 1008 2805 qnoque
1017 2733 1048 2787 ab
1059 2733 1090 2785 iis
1101 2732 1167 2786 haud
1179 2732 1307 2798 recedunt,

269 2817 345 2870 immo
354 2835 404 2882 eos,
415 2820 539 2888 sirenari,
551 2821 602 2875 sire
611 2830 768 2892 equorectos,
780 2822 872 2892 ubique
881 2830 1016 2891 sequuntur
1025 2827 1228 2890 atquepremunt.
1237 2817 1308 2886 Quod

267 2903 290 2954 si
309 2905 386 2971 igitur
402 2922 447 2958 nec
462 2909 656 2975 prestantissimi
669 2909 814 2972 marmoris,
826 2923 871 2961 nec
883 2907 1041 2961 nobilissime
1056 2921 1190 2974 purpure,
1202 2921 1246 2957 nec
1255 2903 1307 2956 vini

268 2991 365 3058 optimi,
375 3009 419 3045 nec
427 3003 604 3061 unquentorum
613 2995 842 3063 pretiosissimorum
853 3011 911 3046 usus
916 2995 1043 3063 quicquam
1052 2992 1084 3044 ad
1089 3009 1159 3044 cures
1168 2990 1309 3043 avertendus

270 3077 349 3142 suet,
365 3096 410 3132 eur
426 3095 470 3146 eqo
487 3089 535 3132 tem
551 3081 641 3132 stultns
656 3080 721 3144 sim,
740 3089 768 3131 ut
782 3079 889 3133 villulam
900 3080 1015 3133 Sabinam
1026 3095 1081 3131 oum
1092 3077 1200 3130 edificiis
1213 3076 1310 3142 magni-

250 3165 253 3172 '
271 3165 337 3231 licis,
353 3166 410 3218 rite
420 3167 597 3234 jucttnditutem
615 3176 696 3220 autem
713 3176 739 3220 et
756 3167 957 3236 tranquillitatem
973 3183 1028 3219 oum
1038 3165 1179 3218 divitiarum
1192 3163 1311 3215 molestiis

270 3240 383 3321 uirisque
391 3263 526 3320 permutem
532 3252 620 3306 l-Sic
631 3269 668 3320 ea,
679 3269 733 3322 quas
744 3269 818 3322 super
827 3253 900 3319 hujus
911 3251 1026 3305 carminis
1036 3249 1172 3310 sententiis,
1184 3257 1212 3298 ut
1222 3263 1310 3314 panum

271 3335 337 3390 inter
353 3353 379 3389 se
395 3339 575 3392 coherentibus
586 3375 593 3407 ,
610 3355 624 3391 a
639 3337 753 3408 pluribus
762 3339 886 3407 disputate
896 3346 971 3401 sunt,
982 3353 1042 3389 rana
1055 3347 1081 3392 et
1091 3333 1163 3388 nihili
1174 3349 1226 3383 esse
1238 3331 1312 3384 luciis

272 3435 382 3495 apparet.

306 3513 416 3568 Eximias
428 3516 501 3585 hujus
512 3518 627 3572 caminis
642 3519 762 3585 virtutes,
778 3534 854 3588 quum
870 3515 1010 3570 admirabili
1027 3511 1177 3565 tractationis
1193 3507 1310 3571 artificio,

272 3610 323 3652 tum
335 3600 477 3653 elocutionis
486 3603 511 3654 ri
519 3641 527 3670 ,
535 3615 671 3674 ornatuque
680 3603 878 3674 splendidissimo
887 3602 1009 3673 proditas,
1020 3597 1137 3653 facillimo
1147 3595 1313 3664 unusquisqne

271 3687 409 3740 observabit
420 3689 524 3756 negotio.
1014 3697 1017 3704 '
