2990 4556
243 353 307 436 184
513 341 993 434 emoniensem

333 485 474 580 Regium
492 497 585 551 certe
599 492 754 574 genuset
770 491 906 570 penates

600 597 718 666 Maeret
733 593 875 688 iniquos.

333 707 443 794 Crede
460 745 528 790 non
544 716 635 788 illam
653 715 716 784 tibi
732 713 774 784 de
790 712 928 784 scelesta

334 838 436 914 Plebe
451 836 607 907 dilectam
616 861 626 924 ;
643 857 752 926 neque
769 834 816 902 sie
832 831 984 920 fidelem,

334 958 388 1026 Sie
403 955 494 1025 luero
511 977 677 1041 aversam,
697 951 841 1047 potuisse
860 951 951 1020 nesci

596 1073 706 1142 Matre
724 1067 891 1164 pudende.

334 1191 475 1261 Brachia
491 1205 527 1260 et
541 1189 667 1260 vultum
685 1204 870 1283 teretesque
887 1212 979 1258 sures

333 1311 468 1402 Integer
485 1303 604 1376 laudo:
623 1305 700 1402 fuge
717 1305 896 1400 suspicari,

338 1425 440 1518 Cujus
456 1440 609 1493 octavum
627 1420 808 1517 trepidavit
825 1437 903 1492 etas

600 1539 762 1612 Claudere
777 1540 928 1612 lustrum.

243 1729 344 1771 acuisset.
355 1737 410 1773 orsus
420 1720 494 1773 verbo
502 1733 589 1774 moeret
598 1723 741 1789 conjungam
778 1723 860 1774 miuus
870 1720 993 1790 plecet.-
1000 1719 1157 1792 sr'efidelem‚
1172 1721 1217 1774 tibi
1226 1722 1282 1774 sni-

241 1801 306 1870 quod
317 1803 380 1854 idem
389 1819 473 1856 sensus
483 1805 690 1875 est.-r'nr'quos;
701 1804 744 1857 ulii
779 1821 819 1857 uro
835 1822 892 1856 rere
907 1803 1030 1867 deditam,
1046 1803 1184 1856 meretrices
1201 1815 1282 1857 eutem

244 1887 278 1938 itn
293 1887 434 1955 explicent:
454 1897 538 1939 meret
553 1899 670 1958 penates,
686 1889 744 1942 deos
779 1889 892 1958 perjurus.
909 1887 970 1940 vid.
991 1886 1039 1942 od.
1060 1887 1091 1950 1,
1108 1895 1151 1938 25.
1162 1915 1198 1926 —
1211 1887 1283 1939 mem

243 1971 359 2024 tutelares
368 1973 427 2026 ndoo
440 1973 546 2044 iniquos,
557 1972 617 2026 ndeo
628 1974 744 2041 immites,
779 1991 901 2035 aversare,
911 1973 1024 2039 alienam,
1036 1971 1206 2024 abhorrentem
1219 1972 1283 2024 alu·

243 2065 272 2106 ut
280 2055 393 2126 Phyllide
407 2056 432 2108 in
445 2057 587 2109 servitutem
599 2056 675 2124 redigi
686 2073 745 2125 per-
780 2074 830 2122 cm,
839 2075 888 2128 quo
896 2057 946 2110 solo
955 2057 1059 2109 inducte
1069 2055 1210 2107 meretrices
1218 2071 1284 2106 smo-

244 2138 364 2191 miserint.
383 2139 522 2207 Simplicius
538 2149 619 2192 sutem
632 2137 694 2191 mibi
704 2138 745 2191 ri·
781 2157 832 2192 rem
840 2138 1086 2193 simulent-Maus
1094 2135 1225 2208 pudenda,
1235 2155 1283 2189 non

243 2223 490 2292 denturbicpenotes
499 2242 543 2292 pro
550 2224 622 2277 domo
631 2223 745 2291 intelligi,
781 2221 917 2286 sumeres,
934 2222 978 2275 sed
993 2221 1023 2272 ud
1036 2220 1202 2273 uenditionem
1219 2220 1285 2272 refe·

244 2314 269 2356 et
279 2305 380 2374 iniquos
392 2303 422 2354 ad
435 2305 544 2374 iniquum
557 2317 646 2358 sortem
658 2306 746 2357 referri
782 2305 903 2370 sendnm3
930 2314 1007 2356 matre
1030 2302 1136 2368 ancilla,
1157 2303 1282 2355 libertina.

242 2403 291 2456 qua
301 2386 429 2438 nobilioris
438 2389 516 2452 gentis
528 2389 610 2457 puella
624 2389 654 2439 sd
667 2389 746 2441 serri-
782 2385 913 2438 Suetonius
932 2387 958 2438 in
975 2385 1062 2438 Vitell.
1082 2398 1117 2438 s:
1138 2385 1223 2438 «Sive
1243 2385 1287 2438 ille

244 2472 291 2522 lem
308 2469 471 2523 conditionem
490 2469 587 2522 detrusa
606 2471 702 2538 fueret,
721 2473 746 2524 in
782 2468 867 2536 stirpis
876 2469 991 2538 entique,
1001 2471 1052 2522 sire
1059 2467 1185 2540 pudendis
1195 2485 1286 2538 puren-

245 2553 326 2606 nlienu
336 2553 408 2604 domo
420 2553 544 2604 servitutis
555 2570 625 2606 musa
636 2553 748 2605 habitere
782 2553 849 2604 tibus
860 2561 886 2603 et
898 2553 959 2616 eris,
972 2571 1046 2622 eques
1056 2565 1121 2607 certe
1129 2553 1262 2606 Romanus.
1270 2575 1285 2604 u

245 2645 324 2689 concta
336 2637 422 2688 fuerat.
431 2636 593 2694 -sceleste‚
607 2636 687 2705 pravis
695 2653 749 2688 mo·
820 2647 863 2687 st.
878 2635 1030 2711 Teretesque
1040 2655 1213 2698 saracenum
1219 2640 1286 2691 enim

248 2721 332 2785 ribus,
344 2720 427 2773 servili
441 2721 538 2787 indole,
552 2739 606 2790 que
623 2719 705 2773 omnia
719 2720 750 2772 ad
786 2720 862 2772 forma
872 2722 936 2789 apud
948 2737 1029 2774 serres
1039 2722 1161 2789 inprimis,
1168 2721 1288 2774 breviori-

247 2803 365 2873 prirntom
375 2805 506 2856 utilitatem
518 2805 601 2857 refert.
614 2804 680 2857 llino
689 2802 750 2858 vul
786 2805 831 2856 bus
842 2805 929 2859 tunicis
939 2823 1002 2869 usas,
1013 2807 1039 2859 in
1048 2807 1129 2859 oculos
1138 2806 1285 2858 incurrebat.

244 2905 296 2958 gns
304 2887 401 2946 mobile,
410 2885 529 2958 opidum,
535 2889 687 2958 malignum,
698 2887 747 2940 od.
786 2890 931 2960 -Integer,
947 2891 1026 2942 omnis
1037 2892 1128 2942 amoris
1140 2906 1241 2958 expers,
1257 2888 1289 2939 ab

247 2971 274 3032 l,
285 2981 327 3034 ³⁷,
340 2980 390 3034 283
408 2970 450 3036 ΙΙ,
463 2979 509 3036 te,
520 2981 563 3022 to.
575 2971 657 3038 Vulgo
669 2971 750 3041 expli·
785 2975 946 3027 omnismore
957 2975 1056 3028 liberet
1066 2991 1170 3042 vacuus3
1181 2984 1210 3026 ut
1226 2973 1286 3026 inlr.

245 3063 310 3116 cent,
320 3051 447 3115 humilem,
457 3052 588 3118 abjectum:
601 3055 752 3121 reirngrnnte
786 3057 840 3120 111,
854 3069 877 3123 ⁷,
891 3069 933 3109 23.
942 3057 1193 3128 -fiegeruspr‘ears',
1205 3075 1237 3108 se.
1250 3072 1291 3107 me

247 3144 272 3187 et
289 3134 404 3203 loquendi
426 3151 471 3185 usn
491 3145 517 3186 et
541 3136 649 3188 idearum
669 3154 750 3206 nexu3
787 3139 833 3191 tibi
852 3141 879 3190 in
898 3139 944 3192 hoe
962 3155 1044 3190 amore
1063 3155 1116 3191 esse
1134 3139 1291 3190 rivalem.-

247 3229 317 3287 poete
327 3219 393 3270 enim
403 3219 438 3272 sio
447 3229 643 3287 argumentatur:
656 3221 750 3292 Phyllis
789 3220 875 3293 Cujus
886 3235 1000 3273 octavum
1012 3219 1103 3293 espiri,
1117 3235 1179 3274 cetos
1194 3221 1288 3274 Claud.

246 3321 299 3374 que
309 3315 358 3355 tem
369 3305 481 3372 ingenuis
489 3305 608 3368 moribus,
620 3313 668 3356 tam
678 3321 751 3371 gene·
787 3305 846 3356 lust.
859 3323 934 3376 quum
946 3317 1004 3358 etas
1020 3323 1075 3360 mea
1085 3306 1290 3360 clausitoctsrum

247 3405 301 3441 rose
314 3389 396 3440 indole
411 3390 512 3458 predita
525 3398 576 3451 est,
587 3405 601 3440 e
611 3386 682 3455 plebe
694 3398 751 3440 netu
785 3383 906 3452 lustrum,
926 3390 1085 3458 quadraginin
1101 3407 1219 3444 annorum
1231 3408 1290 3458 spn-

247 3489 299 3526 esse
311 3473 410 3549 nequit,
423 3471 516 3543 quippe
526 3489 580 3541 quse
592 3473 692 3524 sceleste
700 3483 747 3525 est.
787 3471 847 3523 tium
864 3465 961 3541 exegit,
978 3475 1090 3527 absolvit.
1100 3505 1135 3513 ν
1145 3473 1290 3544 septenne,

248 3585 281 3594 —
291 3555 417 3616 dilectam,
431 3573 466 3607 sc.
479 3553 556 3618 illem,
568 3571 639 3623 quem
651 3554 747 3624 diligis,
786 3555 910 3623 eleganter
925 3558 956 3610 (le
970 3575 1042 3611 cursu
1053 3560 1147 3626 etatis,
1159 3559 1213 3626 fuge
1227 3569 1291 3610 tem-

245 3653 294 3689 non
305 3639 336 3690 de
346 3636 549 3708 plebeoriundam
557 3655 626 3702 esse;
637 3639 748 3690 nonnulli
785 3640 868 3708 proris,
882 3641 947 3711 quod
962 3642 1143 3695 senescentibus
1156 3641 1292 3710 presertim

245 3717 533 3790 leguntdelectam,quod
540 3721 623 3774 eodem
630 3721 749 3786 redit,sed
785 3725 875 3775 mirum
892 3726 917 3776 in
930 3727 1028 3778 modum
1042 3726 1158 3779 lestinure
1166 3725 1272 3778 ridetur.

283 3913 416 3982 Animus.
437 3929 645 3998 Turpitudinem,
658 3945 731 3999 quam
743 3927 887 3982 ancillarum
901 3939 983 3976 amore
1000 3922 1145 3976 contrahere
1162 3920 1211 3974 sibi
1228 3919 1293 3988 apud

246 4014 366 4068 Romanos
381 4017 529 4083 putabantur
544 4017 655 4070 homines
675 4015 789 4082 ingenui,
805 4013 899 4066 elevare
911 4009 993 4064 studet
1004 4007 1121 4062 Horatius
1135 4007 1162 4060 in
1177 4008 1223 4059 hoo
1236 4021 1293 4058 cer-
