3010 4556
258 351 328 464 eoa
369 451 373 458 .
541 392 584 479 o.
612 391 822 476 uouaru
847 389 1024 458 rurum

354 526 525 625 Singulos,
539 526 642 600 eheu!
658 527 828 598 lacerent:
845 553 909 624 ego
922 527 987 598 illis

354 645 502 736 Mollior,
514 672 577 717 nec
590 662 623 716 te
638 647 773 736 feriam,
788 671 895 742 neque
909 647 998 717 intra

619 763 773 836 Claustra
788 767 921 836 tenebo.

355 886 412 953 Me
425 899 522 979 puter
535 883 629 954 saevis
644 898 762 951 oneret
775 883 921 969 catenis,

352 1001 454 1090 Quod
468 1003 541 1069 viro
554 999 699 1070 clemens
712 1001 835 1070 misero
849 999 1003 1096 peperci}

352 1122 410 1188 Me
421 1117 473 1188 vel
485 1131 651 1188 extremos
664 1115 887 1188 Numidarum
902 1117 936 1186 in
950 1143 1050 1214 egros

619 1233 732 1305 Classe
745 1233 883 1331 releget.

353 1360 386 1446 I,
400 1354 501 1453 pedes
515 1379 582 1450 quo
595 1369 629 1424 te
642 1356 779 1450 rapiunt
792 1369 827 1424 et
841 1377 946 1444 auree,

247 1463 254 1474 ⁴
270 1513 273 1519 ,
352 1477 443 1544 Dum
458 1473 547 1543 favet
559 1499 627 1543 nox
641 1488 675 1543 et
685 1475 820 1544 Venus:
836 1474 849 1542 i
863 1470 1012 1567 secundo

353 1595 497 1682 Omiue;
513 1609 545 1664 et
559 1594 667 1664 nostri
680 1617 864 1664 memorem
879 1590 1031 1687 sepulcro

621 1707 739 1805 Scalpe
752 1706 933 1804 querelam.

259 1929 348 1982 tionem
357 1929 610 1999 jureuum‚quoeipse
618 1927 763 1981 Venusinus
798 1928 850 1992 ΠΛ
860 1924 1034 1996 ‚enudetur
1047 1927 1118 1982 αὐτὴν
1132 1926 1302 1995 lupetius.»-

257 2014 349 2067 Noster
357 2015 528 2086 juvencorum
542 2015 642 2067 nomine
657 2023 683 2065 et
698 2014 761 2064 ima·
799 2014 917 2073 olerum,
933 2012 1093 2065 humanitatis
1099 2029 1174 2063 sensu
1184 2021 1255 2064 taeta.
1267 2041 1301 2049 —

256 2098 313 2164 gine
324 2115 393 2166 supr.
406 2099 442 2162 11,
453 2110 479 2162 u,
491 2109 535 2164 tt,
548 2098 668 2164 designet.
683 2097 713 2150 In
725 2097 761 2148 rei
798 2099 822 2158 1,
831 2097 908 2169 pedes
919 2117 971 2170 quo
981 2109 1004 2150 te
1013 2098 1120 2167 rupium
1127 2108 1153 2147 et
1163 2113 1250 2154 auru,
1268 2097 1301 2146 si·

256 2183 460 2252 comparationem
478 2182 568 2252 passim
582 2182 647 2250 apud
658 2179 759 2234 Homer.
798 2183 892 2236 militer
910 2183 970 2235 inlr.
981 2181 1060 2250 Epod.
1076 2179 1150 2240 xvl,
1164 2190 1194 2230 ut
1208 2197 1214 2228 ε
1226 2179 1301 2242 «Ire,

255 2277 281 2318 et
288 2266 348 2317 alios
356 2267 453 2319 obviam
464 2268 530 2317 inter
537 2265 585 2316 alie
593 2264 759 2318 laudantEur.
798 2269 871 2337 pedes
883 2284 1027 2337 quocunque
1043 2266 1141 2326 ferent,
1158 2281 1302 2334 quocunque

256 2348 337 2417 Ipbig.
350 2348 375 2398 in
385 2347 465 2400 Trur.
479 2359 537 2400 tet.
559 2347 644 2399 Seneo.
655 2345 760 2414 Thyest.
797 2367 843 2418 per
862 2351 939 2402 undas
948 2350 1030 2402 Notus
1040 2347 1149 2406 roeebit,
1160 2358 1201 2399 eut
1210 2358 1303 2414 proter-

258 2440 318 2482 tttt.
333 2457 368 2468 -
380 2427 514 2498 Surgulor,
524 2444 594 2479 suum
603 2443 715 2496 quoque.
725 2453 762 2464 —
796 2449 841 2482 rus
858 2429 990 2484 Africum
1007 2458 1043 2484 -.-
1058 2431 1178 2500 mpritnt,
1191 2427 1303 2480 celeriter

255 2511 387 2569 horrent,
410 2527 460 2562 non
479 2509 551 2562 modo
570 2509 697 2568 ooetdunt,
719 2507 762 2559 tud
797 2514 855 2566 hinc
874 2523 899 2566 te
917 2515 1052 2580 auferunt,
1068 2513 1163 2580 gravius
1174 2511 1303 2580 utigitur

254 2597 327 2649 etiem
340 2611 394 2648 eum
404 2593 527 2661 voluptate
534 2590 761 2660 jugulans-imm
796 2613 886 2666 quum
900 2597 991 2648 terrant.
1003 2626 1037 2636 -
1047 2597 1135 2648 Venus
1145 2631 1154 2654 ‚
1167 2595 1301 2648 amantium

255 2681 371 2734 claustra
380 2677 483 2738 terrebo,
500 2679 564 2729 intra
574 2677 707 2729 thalamum
720 2693 760 2728 re-
796 2689 947 2747 patronu.—
953 2691 978 2730 et
985 2677 1067 2732 nostri
1075 2695 1175 2730 mereor.
1185 2679 1303 2749 sepulcro

255 2765 349 2816 tinebo.
357 2761 422 2814 Nem
432 2778 489 2814 mox
499 2761 546 2813 tibi
557 2769 659 2814 mortem
666 2775 760 2812 sorores
796 2761 883 2830 scalpe
901 2763 1051 2834 querelam,
1070 2778 1144 2830 quam
1163 2760 1300 2828 eleganter!

258 2846 387 2898 inferrent.
796 2863 841 2914 pro
856 2836 948 2913 vulgari
962 2863 969 2896 r
983 2855 1009 2898 et
1029 2845 1135 2915 sepulcri
1148 2847 1196 2898 mei
1215 2863 1302 2898 monu-

291 2937 335 2980 tt.
354 2928 399 2977 Me
417 2938 491 2996 pater
504 2929 594 2986 srevri,
608 2940 696 2980 oneret
706 2939 756 2980 cut.
796 2939 880 2982 mento
898 2929 994 2982 tristem
1014 2929 1041 2981 iu
1060 2929 1204 2984 memorium
1225 2929 1302 2982 nurui

254 3023 279 3063 et
287 3026 343 3064 rere
353 3009 460 3072 Danaus,
474 3011 511 3062 uti
520 3017 603 3063 narret
615 3007 757 3079 Apollodor.
796 3011 886 3065 amoris
899 3011 1007 3082 immlpe
1018 3011 1126 3064 titulum.

291 3307 422 3368 Abusus.
439 3313 474 3365 Ut
484 3314 511 3366 iu
520 3312 629 3366 earmina
637 3317 796 3390 anteeodento
806 3318 897 3386 Lyoeu,
909 3317 943 3368 ita
954 3317 980 3370 in
991 3316 1037 3370 boe
1046 3325 1119 3386 poete
1126 3315 1221 3385 Lyden,
1232 3313 1304 3382 puel-

255 3403 304 3456 lam
323 3404 416 3472 pariter
434 3401 513 3453 rdbm
530 3417 640 3468 asperum
657 3411 683 3453 et
700 3402 806 3456 ferooiur
825 3414 960 3456 enatorum
977 3403 1110 3456 blanditias
1129 3410 1302 3471 respuentem,

256 3491 380 3543 mitiorem
393 3499 418 3540 et
432 3487 480 3539 eibi
494 3485 662 3556 procliviorem
676 3489 779 3542 reddere
790 3489 881 3542 studet.
893 3491 924 3541 Iu
934 3501 1015 3559 partes
1025 3491 1100 3558 igitur
1110 3497 1236 3542 roouttam
1245 3486 1303 3556 lyrn

255 3575 422 3640 inventorem,
432 3572 601 3633 Mercurium,
615 3589 689 3642 quam
703 3574 780 3644 ipsam
789 3575 865 3645 lyram
874 3613 881 3638 ,
891 3592 1056 3645 enarraueque
1062 3611 1070 3643 ‚
1080 3573 1201 3644 quomdo
1210 3572 1303 3624 dulcis-

256 3661 319 3713 simo
331 3660 384 3728 ejus
395 3668 467 3711 cautu
477 3656 593 3727 Orpbeus
609 3677 657 3713 nou
670 3661 748 3714 solum
764 3678 838 3714 serm
852 3661 943 3714 bestias
953 3661 1116 3729 mitigaverit,
1126 3661 1227 3714 erboree
1239 3657 1304 3711 uoci·

254 3748 335 3810 verit,
351 3756 376 3798 et
393 3745 521 3798 fluviorum
539 3763 636 3798 cursum
654 3746 807 3812 inhibuerit,
820 3747 862 3800 sed
878 3748 943 3817 opud
954 3747 1047 3800 inferos
1058 3765 1156 3818 quoque
1167 3746 1303 3798 Cerberum

254 3833 315 3886 adeo
327 3833 435 3884 nutriter
449 3830 612 3899 demulserit,
630 3843 656 3885 et
665 3834 777 3886 Ixionem
795 3835 946 3904 Tityumque
956 3834 1119 3898 recreaverit,
1131 3834 1195 3885 mira
1207 3842 1262 3884 arte
1272 3829 1303 3882 ad

212 3951 222 3974 e
254 3919 362 3970 inbutam
374 3915 509 3970 Danaidum
528 3917 554 3968 iu
567 3919 613 3971 bon
622 3921 731 3972 earmine
744 3920 793 3974 eibi
806 3921 953 3973 tractandam
962 3919 1096 3987 delabitur,
1108 3927 1193 3988 utpote
1199 3916 1304 3970 oonsilio

254 4019 298 4052 suo
316 4003 398 4071 Lyden
416 4003 448 4054 rb
462 4002 540 4054 animi
556 4003 649 4057 duritie
664 4005 807 4058 deterrendi
823 4017 848 4058 et
863 4007 981 4060 mollioris
996 4007 1074 4061 animi
1088 4023 1162 4058 semu
1173 4001 1303 4059 imbuendi

253 4087 532 4141 aruommodetioeimem.
546 4089 627 4144 Cardo
643 4093 709 4144 euim
726 4093 802 4145 totius
820 4093 936 4148 carminis
953 4095 1060 4148 vertitur
1076 4093 1128 4144 iere
1141 4089 1237 4144 iubis:
1252 4085 1303 4138 «Ο
