2994 4558
227 371 298 458 460
506 371 988 460 Q.ttotttT11FLttcct

371 515 490 581 Portus
506 509 716 582 Alexandrea
733 509 875 606 supplex

420 631 464 700 Et
479 653 617 700 vacuam
635 628 792 724 patefecit
809 627 939 716 aulam,

322 749 469 818 Fortuna
487 745 593 818 lustro
610 769 771 841 prospera
791 747 892 816 tertio

322 859 406 932 Belli
422 861 586 932 secundos
603 860 753 931 reddidit
770 863 897 950 exitus,

369 980 583 1075 Laudemque
601 995 635 1050 et
652 994 803 1075 optatum
821 981 987 1076 peractis³

421 1099 573 1194 Imperiis
592 1096 691 1168 decus
709 1099 890 1194 arrogavit.
950 1193 953 1200 Ι

324 1219 373 1286 Te
388 1217 558 1288 Cantaber
575 1243 643 1287 non
661 1232 739 1288 ante
755 1215 953 1308 domabilis,

323 1334 525 1430 Medusque,
539 1351 574 1406 et
587 1335 708 1424 Indus,
726 1353 758 1407 te
775 1335 934 1432 profugus
948 1335 1086 1431 Scythes

371 1455 533 1545 Miratur,
551 1481 572 1524 o
591 1453 694 1526 tutela
711 1480 857 1551 praesens

419 1568 522 1640 Italiae
541 1570 750 1666 dominaeque
768 1575 902 1642 Romae:

323 1687 389 1776 Te,
407 1687 549 1759 fontium
568 1689 625 1784 qui
643 1687 730 1760 celat
746 1688 912 1785 origines,
1237 1685 1276 1752 45

227 1882 275 1936 dit.
287 1912 323 1924 -
338 1884 505 1938 Alexandrea
526 1887 649 1960 supplex,
669 1888 732 1954 linge
767 1885 908 1940 Vindelicis
928 1900 1026 1954 quoque
1045 1884 1182 1936 oonleetnnt
1203 1899 1275 1945 esse,

230 1968 277 2020 tibi
294 1967 455 2026 Alexandrea
466 1982 592 2041 patronam
603 2011 610 2036 ,
623 1971 732 2040 ejusden
767 1971 895 2038 designare
915 1969 1036 2034 voluisse,
1058 1969 1179 2037 precipue
1198 1983 1276 2035 quum

229 2053 336 2107 nominis
353 2055 441 2119 deero,
460 2055 519 2108 olea
539 2057 614 2108 nmis
628 2056 733 2108 velatam
769 2074 807 2110 res
825 2057 939 2125 praetere
955 2064 981 2105 et
997 2052 1103 2106 feliciter
1120 2052 1151 2104 ab
1163 2047 1277 2118 Augusto

228 2135 340 2206 Angusto
350 2157 376 2192 se
386 2141 482 2194 obviarn
496 2141 596 2202 tulisse,
608 2141 674 2192 etad
684 2140 734 2193 rie
768 2149 854 2206 geste,
873 2137 975 2208 quasin
991 2135 1102 2190 versibus
1118 2135 1277 2204 sequentibus

229 2221 290 2272 toris
300 2239 377 2289 genua
388 2233 533 2292 prostratam
545 2225 631 2276 urbem
642 2225 666 2276 ei
684 2233 734 2275 tra-
768 2229 985 2290 enumeratpoeta,
994 2219 1087 2288 pariter
1095 2218 1125 2271 ad
1138 2217 1197 2270 illud
1205 2218 1277 2286 quin-

228 2301 329 2356 didisee.
343 2305 482 2374 Siepassint
495 2306 521 2357 in
533 2307 615 2358 numia
624 2307 734 2377 antiquis
768 2307 847 2378 deeitn
860 2322 979 2360 annorum
991 2304 1146 2356 intervallum
1160 2303 1276 2355 releren-

229 2383 336 2438 Urdr'uns
343 2386 462 2438 Patrone
471 2387 668 2455 conspiciuntur3
678 2389 728 2439 vid.
768 2391 805 2444 dae
815 2391 874 2442 sint.
887 2419 921 2429 -
930 2401 1041 2459 optatum
1054 2387 1143 2446 decue
1160 2385 1278 2455 apiendo-

225 2487 298 2540 quern
310 2471 510 2540 laudatBoeus'g.
524 2467 616 2522 Roscii.
631 2471 728 2523 inLex.
767 2489 819 2526 rent
837 2489 867 2524 ex
885 2472 994 2524 omniurn
1006 2469 1069 2522 votis
1087 2470 1134 2522 tibi
1151 2479 1275 2538 paratum.

228 2553 354 2606 Numisia.
373 2564 393 2606 t.
410 2554 440 2620 1,
458 2570 483 2621 p.
503 2563 563 2606 ete.
579 2551 729 2614 -Portus,
766 2585 803 2596 -
817 2556 929 2627 peractis
942 2557 1035 2626 Imper.
1052 2572 1138 2624 anag.
1163 2555 1278 2622 pristinis

226 2639 258 2692 de
272 2647 343 2708 portu
354 2636 515 2689 Alexandrea
532 2637 669 2706 antiquitus
683 2655 730 2692 no·
767 2641 842 2694 rebus
856 2641 973 2710 praeclare
988 2641 1035 2692 sub
1049 2649 1092 2692 tuo
1102 2639 1206 2708 imperio
1217 2655 1278 2708 per·

226 2722 348 2776 bilissimo
357 2721 408 2774 vid.
419 2721 501 2773 Strab.
514 2721 604 2788 XVII,
615 2740 641 2790 p.
652 2733 730 2776 ΜΗ.
769 2725 829 2778 aetis
839 2726 939 2792 adiecit.

229 2821 383 2856 -vaeuant
402 2805 501 2865 aulam,
519 2802 630 2874 Augusto
648 2807 731 2871 eninr,
805 2821 849 2864 tt.
874 2811 912 2862 Te
924 2807 1031 2862 Cnnmb.
1043 2827 1095 2861 nen
1107 2805 1276 2878 wuedomab.

227 2887 406 2944 Alexandream
426 2891 592 2958 ingredienti,
611 2889 734 2946 Antonios
769 2894 916 2965 snpr.11,o‚
927 2905 942 2946 a
954 2913 960 2924 ·
971 2891 1142 2944 «Cantabrum
1155 2889 1277 2943 indoctum

227 2987 253 3029 et
261 2975 391 3044 Cleopatra
400 2975 494 3042 aulam,
504 2993 518 3027 e
529 2993 577 3046 qua
594 2975 620 3028 in
631 2977 734 3032 Mauso-
766 2978 825 3046 juga
841 2979 905 3030 l'erre
924 2985 1007 3029 nostro
1020 2995 1048 3040 ις
1065 2975 1107 3026 ubi
1124 2973 1157 3026 ei.
1177 2982 1227 3024 not.
1242 2999 1278 3010 -

227 3057 293 3112 lenm
308 3057 483 3126 conlegerant,
493 3059 683 3112 vacuefecerant.
699 3089 735 3100 -
770 3061 929 3136 Medusque,
942 3061 976 3114 el.
991 3076 1058 3127 supr.
1075 3057 1131 3124 111,
1151 3068 1183 3122 tt,
1200 3065 1226 3108 et
1242 3055 1277 3106 ibi

230 3139 308 3196 Ιιιιιιυ
318 3144 403 3204 tertie,
418 3161 474 3196 nana
488 3161 565 3213 quant
577 3145 668 3197 bellum
679 3162 734 3198 oum
770 3147 882 3214 Annlys.
896 3176 931 3186 -
940 3142 1033 3204 Indus,
1051 3143 1083 3196 cl.
1103 3159 1172 3211 supr.
1183 3141 1213 3207 l,
1229 3151 1278 3203 ta,

230 3225 339 3282 Antonio
357 3239 383 3282 ot
399 3227 530 3298 Cleopatra
547 3227 580 3304 U,
603 3227 633 3280 C.
652 3227 735 3280 DCC·
772 3239 815 3282 tte.
827 3225 982 3296 -Seytlses,
994 3226 1027 3278 el.
1046 3242 1113 3294 supr.
1128 3223 1172 3286 ll,
1187 3235 1220 3290 o,
1231 3233 1278 3288 tt,

230 3311 322 3364 xxtv
336 3310 394 3382 (sid.
407 3313 461 3374 Dio,
471 3313 514 3374 nt,
527 3311 588 3382 te),
599 3329 653 3364 cum
664 3311 734 3364 llin-
770 3320 794 3363 et
807 3311 855 3377 lll,
871 3323 895 3377 a,
907 3321 950 3363 at.
961 3339 997 3352 —-
1005 3307 1145 3380 profugus,
1157 3307 1191 3360 cl.
1205 3324 1274 3374 supr.

229 3396 315 3448 delicis
329 3413 387 3448 tero
402 3406 428 3448 et
446 3395 543 3448 libretis
557 3393 591 3446 U.
607 3394 638 3446 C.
656 3393 735 3447 DCC·
770 3391 792 3458 1,
806 3401 849 3458 ot,
864 3405 937 3456 e.,-
946 3393 1026 3446 tutela
1035 3408 1161 3463 praesens,
1172 3410 1216 3461 pro
1227 3391 1279 3444 Deo

230 3477 349 3530 xxxix
377 3479 474 3530 linitum
502 3478 554 3541 sit,
583 3477 735 3544 interjectum
770 3473 875 3527 Romani
886 3475 984 3544 imperii
999 3474 1108 3542 tutelari,
1117 3477 1160 3545 qui
1174 3492 1279 3544 praeen-

228 3571 324 3631 tempus
335 3561 382 3612 tria
391 3561 475 3624 lustra,
487 3561 685 3629 sivequindeeim
695 3578 735 3612 an·
770 3557 806 3609 tia
816 3575 860 3608 sua
871 3575 961 3610 numen
970 3576 1040 3611 suum
1048 3559 1161 3622 declarat,
1171 3571 1197 3611 ut
1207 3577 1277 3628 supr.

229 3662 317 3700 norum
339 3660 468 3695 nnmerum
491 3643 576 3694 elficit.
601 3641 718 3696 Ceterum
725 3681 733 3710 ,
771 3640 820 3707 111,
832 3649 859 3708 t,
870 3653 897 3706 a,
909 3661 922 3688 ιι
934 3641 1009 3694 Divus
1020 3659 1160 3710 praseae»
1171 3643 1213 3693 ubi
1225 3641 1276 3693 vid.

229 3746 306 3799 quant
317 3745 369 3801 quo
379 3724 421 3778 die
431 3735 511 3792 reete,
522 3734 550 3778 ut
564 3735 638 3794 puto,
653 3721 739 3794 expli-'
771 3735 823 3780 not.
834 3755 870 3765 -
880 3723 974 3777 dornisn
990 3725 1082 3788 llomoe,
1093 3727 1143 3789 eui,
1158 3736 1187 3778 ut
1195 3726 1280 3778 domi·

228 3813 280 3867 eari
295 3811 390 3880 possiti
411 3829 425 3858 ιι
437 3809 469 3862 ab
487 3827 516 3862 eo
535 3809 593 3861 inde
610 3820 735 3878 tempore,
773 3828 825 3874 nas,
844 3810 911 3862 orbis
928 3819 1047 3863 terrarum
1063 3822 1141 3882 paret.
1157 3811 1280 3864 Similiter

231 3915 290 3968 quo,
300 3915 313 3944 a
323 3912 371 3947 non
380 3911 442 3964 opus
448 3901 547 3946 estount
556 3892 737 3961 luterpretibns
772 3892 851 3946 Boura
863 3893 923 3945 inlr.
939 3893 1021 3962 Epist.
1039 3895 1067 3957 1,
1081 3906 1105 3961 t,
1116 3905 1150 3946 st
1157 3931 1166 3962 ,
1178 3905 1280 3948 vooetur

234 3989 353 4042 statuere,
363 3977 508 4044 Horatium,
523 3977 608 4030 eulent
622 3977 677 4038 die,
690 3994 739 4046 qno
773 3979 862 4048 nepio,¹
872 3987 989 4046 perpetuo
998 3977 1050 4046 ejus
1059 3979 1178 4047 epitheto.
1192 3977 1240 4030 En.

235 4059 737 4130 olimAlexandreaeaptasit,bellantum
812 4072 853 4116 te.
878 4061 925 4122 Te,
931 4062 1002 4133 finnt.
1017 4063 1217 4138 qur'celaton'g.
1228 4073 1275 4116 ete.
