2952 4558
490 379 582 446 mn.
609 381 858 468 unctum.
885 387 948 456 ιν.
1170 393 1239 490 269

344 517 526 606 Praeneste,
545 541 602 586 seu
616 519 723 588 Tibur
740 522 915 615 supinum,

394 634 459 702 Seu
476 631 618 728 liquidae'
629 634 781 730 placuere
799 641 896 710 Baiae.

300 751 427 820 Vestris
444 753 588 823 ornicum
606 753 753 824 lontibus
769 771 804 826 et
820 757 947 847 choris,

301 868 378 937 Non
394 892 449 936 me
464 865 631 963 Philippis
647 895 743 940 versa
759 872 847 940 acies
864 871 971 961 retro,

348 987 478 1056 Devota
496 1009 564 1055 non
583 987 742 1055 exstinxit
759 987 875 1076 arbor,

399 1103 471 1171 Nee
488 1101 598 1171 Sicula
614 1104 788 1174 Palinurus
805 1103 906 1173 unda.

299 1221 476 1312 Utcunque
494 1244 626 1290 mecum
642 1245 700 1292 vos
715 1223 827 1310 eritis,
843 1219 951 1291 libens

301 1338 524 1407 insanientem
544 1339 656 1406 navita
673 1341 858 1431 Bosporum

346 1453 520 1542 tentabo,
536 1467 570 1522 et
588 1467 718 1520 urentes
735 1476 854 1521 arenas

396 1569 520 1639 Litoris
536 1569 664 1663 Assyrii
683 1569 800 1638 viator.

204 1797 295 1850 dieitur
305 1797 397 1864 virgil.
422 1799 481 1850 AEn.
497 1797 567 1865 vn,
588 1808 656 1865 tta,
673 1799 706 1850 el.
742 1798 937 1858 -Palz'nums,
949 1807 1033 1850 notum
1047 1801 1072 1850 in
1082 1817 1125 1853 ora
1133 1802 1245 1854 bueenioe

205 1881 286 1933 Strsb.
294 1881 329 1948 V,
342 1899 366 1950 p.
381 1892 442 1946 sat,
455 1892 480 1932 et
489 1883 521 1934 ob
531 1882 556 1933 id
566 1882 646 1952 ipsum
655 1881 707 1933 No·
744 1901 818 1952 prope
827 1882 925 1935 Veliam
935 1883 1136 1950 promontorium,
1145 1886 1246 1936 naufra-

205 1974 256 2015 stro
269 1982 275 2016 :
286 1963 425 2034 frigidum.
436 1995 471 2004 -
489 1964 575 2016 Tibur
586 1964 708 2035 suptisum
744 1967 789 2034 giis
799 1967 921 2036 inprimis,
930 1983 984 2034 quse
991 1965 1075 2017 crebro
1084 1966 1121 2017 ibi
1130 1967 1160 2017 ad
1170 1966 1247 2019 leten-

208 2045 291 2110 (nune
303 2049 401 2118 Τι’νοὶἱ)
416 2051 442 2102 in
454 2049 514 2103 ealle
527 2050 617 2101 leniter
625 2066 709 2101 auur-
743 2060 781 2116 tes
788 2050 897 2118 seoputos
906 2049 959 2100 fieri
971 2049 1092 2114 solebant,
1103 2049 1203 2116 infame,
1216 2054 1247 2103 ab

205 2139 276 2196 gente
285 2131 401 2199 positum,
412 2132 461 2196 rel,
474 2132 546 2201 (quod
556 2131 640 2182 Livius
650 2131 671 2196 1,
682 2141 709 2194 a,
746 2134 831 2184 AEneae
841 2133 1009 2198 gubernatore,
1019 2130 1150 2191 Palmum,
1164 2133 1198 2184 ita
1206 2135 1248 2186 di·

204 2214 236 2266 de
244 2212 407 2280 Alba-Longa
415 2214 488 2284 dixit)
503 2215 528 2266 in
541 2214 630 2266 montis
639 2213 711 2265 dorso
744 2225 820 2268 ctum.
830 2214 904 2281 Virg.
917 2213 1026 2280 mutu
1042 2224 1102 2266 ³8¹.
1114 2243 1148 2252 -
1158 2213 1249 2269 Sicula

205 2305 356 2363 porrectum
370 2296 401 2346 de
420 2313 476 2348 roce
494 2297 604 2367 supinus
622 2295 648 2346 in
665 2295 711 2346 bae
746 2295 1249 2366 undu,latioresensupro:mari'l'yrrbe-

192 2378 708 2447 ⁴signifiuttoneridmnu.intmdttpod.
745 2399 792 2443 no,
802 2383 870 2448 urjus
881 2397 937 2450 pars
946 2389 1012 2432 certe
1024 2380 1133 2431 Siciliam
1146 2393 1248 2450 prseter-

204 2463 281 2528 l,st.
292 2492 328 2502 -
340 2461 447 2535 laburdo
467 2464 533 2516 refer
550 2463 581 2515 ad
599 2472 708 2515 naturam
744 2464 844 2516 labitur.
865 2462 980 2515 Cetemm
997 2463 1069 2530 hujus
1085 2462 1199 2531 periurii,
1210 2467 1250 2518 eui
1324 2455 1327 2460 ¹

205 2563 336 2616 munem,
354 2565 457 2616 quamm
472 2547 621 2600 salubritatis
638 2563 710 2604 eausa
744 2557 815 2616 poeta
827 2549 853 2599 in
866 2549 928 2600 mari
941 2549 1065 2615 expositus
1078 2545 1167 2614 luerit,
1183 2550 1249 2602 nulla

205 2631 280 2694 Baiis,
292 2633 381 2700 oppido
392 2633 418 2684 in
426 2631 560 2701 Campania
571 2632 709 2684 emoenissi-
744 2633 806 2684 alibi
814 2633 842 2683 lit
850 2632 953 2683 mentio.

207 2731 256 2780 mo,
261 2715 374 2780 Romani,
384 2727 412 2768 nt
420 2717 478 2768 sutis
484 2726 585 2782 constat,
592 2717 710 2785 trequen-
780 2727 825 2768 aa.
837 2716 868 2767 ln
877 2725 957 2767 restro
967 2715 1086 2767 comitatu
1095 2717 1248 2784 periculosis·

208 2805 245 2847 tar
253 2799 393 2850 commorari
403 2799 523 2851 solebant.
745 2797 1251 2867 simaquaequelouatemmariquamterra

243 2887 276 2930 ss
291 2877 386 2944 Vera-is
399 2883 475 2932 asnis.
483 2881 554 2952 fine.
572 2895 597 2934 et
610 2881 707 2942 cbon's,
746 2897 830 2934 securo
838 2881 921 2932 animo
931 2880 1014 2943 adibo,
1025 2899 1070 2934 neo
1078 2881 1153 2934 ullius
1162 2885 1252 2936 burba-

205 2979 250 3029 pro
260 2961 366 3027 vulgare
378 2981 417 3016 me
429 2973 525 3032 poetam
537 2984 545 3028 ;
557 2975 586 3016 ut
596 2982 663 3032 supr.
678 2967 692 3019 1
702 3008 710 3037 ,
747 2981 781 3017 rae
791 2965 870 3031 gentis
880 2966 996 3017 sevitiam
1008 2965 1109 3019 timebo.
1118 2965 1253 3020 -Uaourr-

205 3047 710 3120 tt,t:s1tluaisamious,ete.»-Phibpp.
748 3063 809 3120 que,
822 3048 1021 3118 quandocunque,
1034 3049 1093 3099 dum
1100 3068 1108 3113 ;
1119 3050 1251 3102 rusurren-

203 3145 275 3180 νει-ια
288 3129 357 3180 aeres
371 3141 452 3187 mnu,
468 3129 547 3181 clades
561 3129 602 3180 illa
615 3131 663 3184 lusi
682 3133 712 3184 ad
747 3139 805 3191 tem,
815 3132 847 3182 ob
856 3140 983 3182 ventorum
995 3133 1100 3181 furorem
1110 3167 1117 3193 ,
1129 3147 1178 3198 quo
1187 3149 1254 3184 mare

205 3207 333 3280 Philippos
344 3213 479 3278 exereitum
496 3223 615 3264 serratam
630 3223 711 3266 sutem
747 3212 784 3264 ibi
796 3213 912 3264 noscitari
923 3212 995 3264 solet.
1010 3239 1044 3248 -
1055 3211 1192 3280 soporem
1203 3251 1211 3274 ,
1222 3216 1254 3268 de

206 3297 232 3348 iu
249 3313 331 3364 pugne
349 3294 391 3348 illa
413 3295 509 3346 lunata
526 3295 619 3360 vitam,
638 3314 711 3366 quam
747 3295 854 3362 bosporo
863 3293 980 3356 Thracio,
995 3293 1164 3357 navigantibus
1173 3296 1252 3348 inies-

204 3397 272 3448 supr.
284 3380 321 3443 11,
335 3391 360 3447 t,
374 3391 415 3446 ts,
428 3378 548 3431 Mermrii
567 3381 656 3433 tribuit
667 3399 712 3433 ur-
748 3378 851 3443 tissimo,
861 3377 894 3428 ol.
905 3393 971 3445 supr.
983 3375 1253 3440 adnutum-Tess-

205 3463 297 3527 stodie‚
305 3463 355 3528 jum
365 3479 442 3514 cauae
452 3479 502 3514 sure
513 3464 647 3517 inserviens
655 3465 714 3517 Mu-
748 3461 820 3519 tabo,
839 3461 962 3526 eleganter
973 3475 1030 3527 pro:
1043 3457 1157 3511 nudantes
1166 3463 1252 3528 adibo;

206 3561 286 3598 aarum
296 3547 377 3598 tutele
387 3563 413 3599 se
423 3547 515 3601 debere
527 3549 713 3614 ait-Devotr,
748 3558 853 3604 unum,
867 3544 934 3598 enim
943 3544 1066 3610 eleganter
1075 3543 1200 3611 di'usntnr,
1210 3552 1253 3618 qni

204 3629 377 3691 mactabitis,
392 3649 405 3676 e
415 3629 510 3682 nefasto
518 3629 611 3683 scilieet
622 3631 663 3682 die
674 3635 716 3699 (ut
750 3645 789 3680 rea
797 3627 944 3696 periculosas
959 3644 1013 3678 eum
1026 3625 1124 3677 sumtis
1134 3637 1159 3677 et
1168 3629 1255 3686 lidueis

204 3727 272 3779 supr.
285 3713 329 3774 11,
346 3724 393 3770 ts,
410 3707 482 3778 Μ’,
496 3714 619 3786 dieitur),
638 3715 715 3783 posita
748 3713 853 3782 quadam
866 3710 1254 3779 suscipiunt—antummum,

205 3797 355 3864 etsscrilem
366 3797 715 3866 manumissum-Pali·
750 3813 852 3849 arenosa
860 3794 1254 3868 deserta.-LitAssyrr'r'vr'aur-‚

206 3899 311 3940 nunu,
323 3891 468 3950 tempestat,
485 3901 534 3952 qua
543 3885 602 3938 olim
613 3883 644 3935 ad
656 3899 715 3952 pro-
751 3882 779 3932 b.
787 3897 811 3932 e.
823 3881 872 3931 iter
887 3879 1000 3947 pedestre
1012 3878 1102 3930 faeiem
1113 3896 1158 3947 per
1168 3897 1255 3938 arens-

208 3965 359 4018 montorinm
365 3967 509 4018 Palinurum
518 3985 647 4036 oppressus
657 3965 717 4018 etad
753 3979 807 4013 mm
817 3977 914 4014 auersos
925 3963 950 4013 in
960 3961 1045 4030 Syria3
1055 3961 1115 4012 litus
1122 3965 1187 4016 enim
1193 3967 1255 4033 jam,

209 4065 330 4100 mmmum
341 4049 398 4099 vius
407 4049 538 4101 discrimen
548 4047 716 4102 adductusini.
755 4056 783 4098 ut
791 4045 932 4106 Grauorum
943 4045 985 4104 etv,
996 4046 1163 4101 ‹learenemm
1171 4069 1258 4106 cumu-
1298 4041 1305 4050 ”
