3010 4556
227 313 300 401 m
511 313 554 399 Q.
577 311 788 382 ttontrtt
815 311 990 380 rotent

323 452 532 546 Tempestiva
550 449 636 543 petit
650 445 769 518 Rhodo
783 473 790 516 r

372 571 429 639 Me
446 566 554 638 lentus
571 564 720 662 Glyoorae
733 579 846 636 torret
858 589 957 636 arnor
967 591 1066 637 ‚ntem

224 771 339 836 junonem
351 765 494 826 formosum,
508 763 674 825 warmundo,
684 779 729 832 pa-
767 759 806 835 [ut
817 760 909 842 virgil.
923 758 981 812 AEn.
991 759 1059 828 vlt,
1079 771 1126 826 on,
1145 761 1268 830 loquitur)

228 853 290 904 riter
300 850 327 902 in
337 851 398 902 flore
407 849 486 900 teraris
495 845 663 899 eonstitur.-
672 843 730 897 urhi-
764 845 815 912 jam
826 841 1007 913 plenisnnbllis
1019 844 1102 906 anaim
1112 863 1126 892 s
1135 854 1161 895 et
1171 845 1268 896 niorto—

225 934 296 994 dum,
307 932 554 1003 exsplendescentem,
564 930 729 997 conspicuum.
758 929 911 998 utrumn
923 942 990 997 supr.
1005 925 1056 991 111,
1065 940 1101 991 o,
1113 937 1156 984 aa.
1167 957 1202 966 -
1213 928 1269 979 hm-

226 1017 376 1070 -sr'milem
396 1015 518 1085 Vespero,
538 1013 617 1081 pulcri
632 1013 730 1079 juvenis
768 1027 810 1064 rus
822 1012 939 1079 Glycerae
955 1029 1039 1074 umor,
1054 1013 1080 1064 h.
1095 1029 1118 1064 o.
1130 1009 1271 1080 Glpoemss

180 1114 183 1120 “
225 1120 281 1155 oram
292 1100 399 1169 Vesperi
418 1099 456 1151 rel
474 1095 583 1150 Luciferi
602 1097 730 1166 splendore
765 1097 852 1149 duram
864 1097 988 1148 etleotom
1001 1098 1027 1148 in
1040 1113 1123 1148 amore
1133 1096 1196 1148 mihi
1205 1113 1269 1164 prae-

226 1185 374 1254 comparatio
381 1183 469 1253 possim
480 1182 544 1250 apud
556 1189 638 1249 poetro
647 1179 728 1244 obnisu
765 1180 826 1232 bons
836 1198 843 1246 3
853 1179 969 1232 similitor
981 1195 1049 1247 supr.
1060 1181 1087 1244 l,
1103 1189 1145 1238 ta,
1158 1189 1184 1246 s,
1197 1179 1271 1230 unm

172 1327 176 1332 ,
226 1269 392 1338 exemplorum
404 1266 499 1335 nopiam
510 1266 561 1319 rid.
573 1265 638 1336 opud
653 1261 728 1316 eard.
766 1263 870 1334 r'gnidus
879 1263 1206 1334 mauridioiturpubiol.
1215 1272 1268 1316 not.

227 1355 259 1408 sd
269 1354 340 1421 Virg.
350 1351 428 1416 Vlll,
445 1351 553 1418 romei.
564 1367 631 1418 supr.
647 1349 690 1409 11,
705 1360 729 1413 t,
766 1347 932 1411 Tibutt.1,s‚
945 1359 974 1400 et
988 1367 993 1396 :
1007 1339 1098 1400 «llsul
1115 1346 1180 1400 heu!
1196 1365 1270 1418 quam

232 1447 263 1490 to
273 1473 281 1498 ,
292 1445 318 1488 et
327 1435 383 1497 111,
399 1453 432 1501 9,
447 1444 491 1485 nt.
510 1461 547 1472 -
560 1431 730 1502 Tempssoira,
767 1432 835 1484 lento
843 1428 973 1483 romnus
984 1445 1023 1482 nto
1034 1439 1131 1501 torquet
1148 1431 1250 1500 (rectius
1262 1449 1267 1478 :

230 1516 323 1590 ὡραία,
333 1503 454 1586 ripaeos}
470 1535 485 1564 s
493 1515 552 1574 ln
564 1524 659 1571 naun
669 1515 733 1580 riso,
769 1515 858 1585 tomo)
875 1531 966 1569 amoro.
976 1535 990 1564 u

640 1659 857 1687 *ιιι-ῃ-

265 1769 396 1821 Assorus.
416 1768 496 1820 instat
505 1777 576 1836 ponta
586 1771 739 1838 maturando,
748 1773 813 1840 quod
825 1773 850 1824 in
861 1773 916 1826 nori
927 1773 1025 1840 auguris
1032 1771 1146 1827 floreum
1155 1774 1271 1826 honorem

228 1870 285 1912 otuu
293 1854 417 1908 sodalibus
428 1854 479 1906 suis
489 1854 647 1908 instituturus
656 1865 703 1920 est,
710 1859 828 1912 oonririo.
836 1859 897 1912 Pars
904 1859 977 1928 hsp'us
983 1857 1091 1913 sodalitii
1098 1857 1273 1928 estTolephns,

228 1944 346 1998 doctrinm
358 1943 487 2012 inprimis,
498 1952 525 1994 ut
537 1944 642 2011 videtur,
654 1946 726 1998 laude
734 1949 893 2019 conspicuus,
908 1957 934 2000 et
948 1965 977 2000 eo
988 1950 1042 2016 ipso
1055 1949 1119 2000 sorte
1128 1957 1236 2016 tempore
1246 1950 1273 2000 in

229 2030 365 2083 ordinanda
380 2039 407 2081 et
416 2029 551 2082 enarranda
563 2031 666 2083 historia
677 2048 753 2098 greca
761 2023 898 2102 occupatus.
909 2031 982 2085 lluno
991 2035 1066 2100 igitur
1075 2044 1146 2102 poeta
1152 2033 1202 2099 jam
1213 2035 1273 2084 mit-

229 2127 283 2171 tere
301 2134 382 2170 rorum
399 2117 522 2168 doctarum
541 2126 566 2166 et
582 2117 749 2170 abstrusorum
760 2118 973 2188 disquisitionem,
986 2129 1011 2170 ot
1024 2119 1048 2169 id
1060 2120 1156 2188 potius,
1168 2119 1231 2188 qnod
1243 2119 1274 2171 ad

156 2239 159 2248 ·
229 2202 366 2256 oonrivium
379 2200 546 2271 apparandum
562 2210 669 2270 spectet,
685 2219 756 2270 agere
769 2199 849 2270 jubet.
866 2199 944 2269 Mox,
954 2203 1024 2271 quasi
1037 2203 1063 2253 in
1073 2204 1155 2256 medio
1165 2203 1275 2256 convivio

197 2291 205 2305 “
228 2291 279 2358 jum
290 2299 414 2354 versetur,
434 2296 460 2339 ot
477 2289 502 2337 in
520 2303 549 2336 oo
564 2287 739 2356 symposiamhi
754 2297 834 2355 partes
844 2298 914 2355 ngat,
926 2288 989 2353 leges
999 2289 1100 2339 bibendi
1109 2287 1241 2358 proponit,
1251 2297 1276 2340 ot

230 2383 290 2445 quot
305 2374 409 2442 quisquo
424 2371 508 2439 poeula
525 2370 551 2420 in
567 2370 659 2437 Lunae,
670 2369 757 2423 Noctis
767 2411 774 2436 ‚
786 2383 811 2423 ot
822 2375 919 2440 augrrris
930 2373 1043 2424 Murenae
1051 2373 1168 2426 honorem
1179 2383 1274 2436 sumat,

229 2459 312 2512 edicit.
325 2459 390 2510 Tum
408 2473 481 2510 morae
498 2456 646 2524 impatiens,
663 2465 691 2508 ut
707 2457 770 2510 tibio
786 2459 868 2510 statim
880 2495 888 2524 ,
901 2459 980 2509 fistulo
996 2469 1022 2511 et
1032 2459 1084 2529 lyra
1094 2471 1202 2526 canatur,
1216 2477 1276 2511 rooae

229 2553 382 2614 spargantur,
393 2550 418 2593 et
428 2541 544 2608 strepitus
553 2577 559 2603 ‚
569 2557 642 2608 quem
656 2559 704 2593 non
717 2545 771 2595 sine
783 2543 876 2596 invidio
886 2561 995 2596 morosus
1003 2546 1103 2614 quidam
1113 2561 1187 2597 senex
1197 2548 1276 2616 Lycus

230 2647 285 2683 eum
295 2629 396 2693 conjuge
407 2641 451 2677 sua
461 2623 541 2676 adhuc
552 2623 730 2678 adolescentula
742 2629 768 2679 in
778 2628 867 2680 ricinia
877 2629 974 2695 audiat,
985 2630 1016 2681 ab
1029 2629 1209 2682 insanientibus
1217 2648 1277 2682 con-

228 2715 292 2767 riris
306 2715 434 2780 excitetur,
452 2713 621 2766 vehementius
637 2714 748 2782 imporat.
767 2713 877 2786 Denique
893 2726 921 2767 ut
936 2733 1045 2768 amorum
1057 2735 1152 2788 quoque
1165 2718 1191 2768 in
1202 2717 1278 2768 hilari

228 2799 339 2854 oonririo
350 2797 494 2850 celebrando
503 2799 546 2850 liat
554 2799 657 2865 mentio,
667 2799 773 2870 Telephi
786 2799 938 2865 felicitatem,
947 2803 1012 2872 qnod
1023 2801 1064 2853 itte
1074 2813 1159 2872 sponte
1168 2817 1182 2853 a
1191 2801 1278 2854 Rhode

229 2897 336 2958 petetur,
348 2884 475 2956 prmdimt;
485 2886 516 2936 de
526 2903 569 2938 suo
579 2897 660 2938 eutem
670 2885 816 2951 infortunio,
826 2888 892 2957 quod
901 2886 1011 2958 Glycera
1023 2889 1071 2940 sibi
1082 2890 1108 2940 in
1118 2906 1199 2943 amore
1210 2899 1278 2958 paret

232 2976 359 3044 asperitas,
369 2974 610 3046 queritur—Quum
621 2976 675 3027 sine
685 2977 761 3029 dubio
772 2976 867 3030 lelioior
877 2979 915 3029 rei
926 2979 1050 3044 oporam
1059 2988 1161 3030 aventus
1172 2980 1198 3032 in
1206 2995 1278 3031 causa

233 3063 318 3130 luerit,
326 3077 357 3114 ex
364 3078 413 3131 qun
421 3060 538 3114 Horatius
548 3060 641 3112 laetiora
650 3079 704 3114 cnm
714 3064 799 3116 amieis
808 3065 859 3118 suis
874 3033 1008 3116 celeltraret
1015 3065 1132 3134 convivia,
1141 3075 1168 3116 ut
1177 3083 1245 3134 supr.
1253 3065 1277 3131 1,

233 3148 423 3216 56‚Nttmr'doe,
437 3161 462 3204 et
476 3149 517 3210 ΙΙ,
531 3163 554 3216 7η,
564 3147 754 3222 Pompeis'Vuri
767 3153 861 3206 faustus
878 3155 904 3206 in
921 3153 1024 3222 patriam
1035 3155 1139 3219 reditus,
1154 3166 1178 3206 et
1195 3153 1218 3218 1,
1233 3165 1277 3220 ὅτ,

229 3239 303 3292 taetus
311 3235 343 3288 do
354 3237 493 3310 Cleopatras
502 3249 581 3290 morae
590 3237 710 3308 nuncius,
725 3239 767 3290 vix
780 3240 888 3292 dubitari
899 3250 994 3308 potest,
1003 3241 1064 3309 quin
1076 3250 1147 3309 poeta
1156 3240 1259 3292 oonririi
1270 3277 1278 3300 ,

231 3327 264 3378 ad
276 3326 341 3394 quod
355 3323 494 3396 Telephum
508 3326 534 3378 in
549 3325 595 3378 hoo
608 3327 716 3378 turmine
731 3337 826 3390 eroon-t,
835 3327 999 3380 celebratione
1011 3327 1122 3382 lotitiam
1134 3343 1204 3380 suam
1215 3327 1278 3378 rnu-

232 3429 299 3466 rerm
314 3413 345 3464 de
360 3421 478 3480 auguratu
496 3412 637 3480 nuperrime
653 3413 678 3465 ei
692 3413 773 3466 dolato
789 3415 912 3468 declarare
924 3415 1038 3466 voluerit.
1054 3413 1110 3482 Quo
1123 3413 1280 3466 oouoitatiore

230 3509 313 3550 nutem
328 3497 420 3552 aileotu
436 3496 479 3550 itte
494 3498 540 3548 hoo
550 3499 689 3551 oonsirium
705 3501 838 3565 recoleret,
853 3517 882 3552 oo
900 3500 991 3566 megia,
1003 3511 1094 3569 quanta
1106 3501 1158 3566 ejus
1169 3501 1200 3553 do
1211 3498 1280 3552 noris

233 3583 343 3634 lilurento
355 3583 489 3636 honoribus
501 3580 577 3634 luerit
589 3581 685 3648 lustitia,
695 3586 855 3652 cognoscitur.
867 3585 905 3636 De
913 3585 1025 3652 'Telepho
1035 3586 1067 3637 cl.
1083 3603 1150 3655 supr.
1162 3586 1186 3649 l,
1198 3596 1239 3644 ta,
1253 3595 1276 3634 t.

231 3668 399 3726 Comum-ct.
410 3665 626 3724 Mitrolsorlr'cht'us
635 3673 728 3725 oolores
741 3689 796 3726 suos
809 3671 937 3724 flotarium
951 3671 977 3720 in
994 3671 1039 3722 hoo
1050 3673 1159 3724 onrminr.
1169 3687 1199 3722 er
1213 3670 1281 3722 lonis

227 3755 291 3810 Chii
301 3755 385 3824 Epigr-
397 3754 434 3817 ΙΙ,
446 3752 525 3806 Anth.
538 3754 586 3809 Gr.
599 3769 617 3810 t.
631 3759 656 3822 t,
667 3776 691 3827 p.
706 3770 750 3822 ot,
761 3759 860 3810 duxisse
870 3755 1010 3820 existiman
1022 3759 1066 3809 sod
1076 3757 1215 3810 similitudo
1226 3757 1278 3816 itta,

227 3857 303 3909 quum
314 3841 384 3894 lonis
393 3839 453 3892 Chii
464 3857 562 3896 cot-men
573 3863 628 3899 oum
642 3845 688 3898 hoc
696 3845 804 3896 carmine
813 3842 937 3903 hobot‚·in
946 3841 1023 3894 simili
1035 3855 1129 3896 tantum
1144 3843 1175 3894 ad
1188 3842 1279 3894 biben-

229 3923 307 3989 diu,
321 3925 461 3976 solandum
472 3935 498 3976 et
508 3929 645 3982 mnendum
662 3929 832 3981 exhortatione
842 3927 961 3992 cernitur,
973 3945 1031 3996 noo,
1043 3931 1104 3998 quid
1120 3930 1176 3981 inde
1184 3927 1277 3979 ttoni.

231 4010 398 4075 expsussrit,
409 4011 519 4078 adparet.
