2894 4558
425 343 633 418 CARMEN
657 341 940 423 SAECULARE.
1092 335 1096 344 ’
1138 341 1206 417 555

281 484 374 552 Jusso
391 503 468 575 pars
485 495 615 550 mutare
630 482 734 550 Lares
750 492 784 550 et
801 479 919 550 urbem

527 597 657 692 Sospite
674 621 794 688 cursu;
1169 607 1208 668 ⁴⁰

287 715 350 784 Cui
367 737 429 809 per
443 711 619 784 ardentem
635 713 708 783 sine
724 712 841 784 fraude
854 701 990 810 Trojim

286 834 404 902 Castus
419 833 540 902 AEneas
554 832 673 926 patrie
688 846 853 927 superstes

287 950 447 1022 Liberum
463 951 606 1022 munivit
620 951 702 1041 iter,
719 950 856 1024 daturus

528 1067 630 1141 Plura
646 1067 790 1142 relictis:

285 1183 349 1274 Di,
366 1183 491 1280 probos
507 1209 618 1260 mores
634 1183 736 1256 docili
748 1187 914 1280 juvente,

286 1299 349 1390 Di,
368 1303 532 1404 senectuti
548 1301 688 1399 placidae
705 1304 868 1398 quietem,
980 1307 981 1312 ’

286 1419 437 1491 Romulae
452 1422 544 1517 genti
561 1420 638 1493 date
654 1447 812 1518 remque,
828 1420 1044 1518 prolemque,

528 1543 572 1614 Et
588 1539 689 1614 decus
703 1568 816 1614 omne.
982 1545 984 1556 ’

288 1657 423 1752 Quique
440 1682 499 1728 vos
514 1659 623 1742 bubus
642 1653 820 1732 veneratur
837 1659 938 1750 albis,

289 1773 406 1847 Clarus
422 1777 577 1850 anchise
592 1780 801 1875 Venerisque
816 1780 968 1875 sanguis,
1175 1773 1213 1833 ⁵⁰

287 1895 454 1989 Imperet,
470 1893 616 1966 bellante
633 1898 746 1996 prior,
760 1898 928 1991 jacentem

532 2015 635 2086 Lenis
652 2015 689 2086 in
707 2015 852 2086 hostem.

169 2210 257 2262 nempe
269 2192 314 2245 illa
325 2191 505 2262 Troianorum,
518 2193 563 2263 qui
576 2191 673 2263 Apolli·
707 2195 826 2249 innititor
843 2194 909 2248 aulae
924 2208 953 2246 ee
965 2189 1080 2262 splendor
1092 2189 1214 2256 eivitati13

168 2276 312 2331 nieomeulo
318 2277 381 2345 jussi
390 2287 555 2330 anntmutm
561 2277 640 2330 Lares
650 2290 675 2332 et
707 2290 781 2350 atque
793 2280 835 2334 hie
849 2277 924 2331 etiarn
936 2293 985 2329 non
1002 2276 1057 2329 eine
1069 2273 1166 2330 delectu
1174 2275 1216 2326 di-

168 2359 265 2420 urbem,
273 2361 301 2412 h.
309 2377 333 2413 e.
346 2361 449 2430 epatria
459 2359 542 2426 ingere
551 2370 577 2412 et
586 2376 673 2413 novem
707 2373 783 2429 etum,
792 2378 869 2432 quum
879 2377 908 2414 eo
919 2355 1158 2428 temporedngnstus
1167 2357 1216 2409 lio·

168 2443 250 2495 sedem
260 2443 518 2516 querere-Sospite
529 2461 624 2504 sunu,
637 2444 675 2498 ie·
709 2463 793 2500 menoe
803 2445 835 2498 ad
847 2443 979 2514 pristinam
991 2457 1087 2496 morum
1099 2441 1217 2494 mnerita-

168 2523 210 2576 liei
222 2527 421 2592 navigatione·
428 2527 483 2580 Cui
489 2531 586 2582 AEneas
599 2527 671 2581 h'der.
709 2539 759 2584 tem
773 2530 889 2590 reducere
900 2537 1038 2582 moeretur.
1051 2526 1216 2578 Em-rem·

169 2608 298 2660 itermun.
313 2610 353 2660 eni
365 2611 430 2678 parti
446 2612 498 2666 dux
510 2613 560 2685 luit
571 2611 672 2666 AEueae.
707 2607 1218 2688 que‚opulentiam.-deeueorme‚quid·

169 2708 259 2762 -per
267 2690 395 2744 ardentem
409 2693 485 2765 ij.
502 2713 547 2764 per
564 2697 676 2749 ardentis
709 2696 770 2766 qnid
785 2694 887 2762 gloriam
904 2711 933 2746 ao
950 2693 1101 2760 majestatem
1118 2689 1217 2760 imperii
1308 2747 1311 2756 p

169 2775 252 2844 Trojoe
272 2775 401 2842 flammas;
422 2776 481 2828 hine
500 2776 591 2830 AEneos
610 2778 676 2846 apud
711 2791 852 2844 promovere
865 2775 951 2845 possit.
963 2774 1048 2826 En.··-
1055 2775 1161 2846 Quique
1171 2791 1219 2826 vor

169 2856 242 2925 Virg.
252 2857 312 2910 AEn.
324 2857 363 2921 11,
375 2868 441 2910 ets:
454 2877 468 2907 α
479 2859 601 2912 [lamonem
611 2861 677 2912 inter
710 2855 797 2912 bubus
808 2868 951 2908 venemur
962 2845 1042 2916 auu,
1056 2866 1103 2909 etc.
1118 2855 1153 2907 Et
1161 2853 1218 2909 An-

169 2951 196 2996 et
212 2943 294 2996 hostes
307 2941 444 3010 Expediet,
456 2941 516 2994 dant
532 2943 580 2995 tela
596 2943 677 2998 locum
712 2951 805 3008 metue,
812 2939 1018 3010 quialbiebubns
1025 2939 1219 3002 merefinnum

169 3023 676 3094 ssnmmaeqnerecedunta-sr'nefruude‚
711 3023 867 3092 splendidum
882 3023 909 3076 in
923 3033 1031 3076 restrum
1045 3021 1164 3075 honorem
1177 3021 1219 3072 in·

169 3111 197 3164 h.
208 3127 233 3162 e.
249 3110 304 3162 sine
316 3125 388 3172 nom,
401 3118 429 3160 ut
438 3126 507 3178 supr.
519 3109 557 3172 Π,
571 3120 614 3176 tu,
624 3119 676 3175 ²⁰3
711 3108 795 3161 stituit
810 3107 981 3181 sacrificium,
1003 3121 1126 3158 summum
1147 3119 1220 3172 porro

168 3194 235 3263 quod
254 3193 303 3244 iter
323 3189 431 3242 liberum
453 3191 529 3258 megia
549 3191 675 3260 explieat:
713 3201 796 3244 teneat
814 3190 962 3260 imperium,
976 3199 1001 3242 et
1019 3189 1126 3242 hosfium
1144 3188 1221 3242 vietor

170 3277 233 3330 male
253 3275 285 3329 ad
304 3273 390 3328 falsam
408 3274 495 3326 AEneae
515 3273 678 3342 proditionem
713 3273 917 3328 rictieeemitem
931 3272 1049 3325 etlenem
1065 3272 1220 3340 prebeat·
1272 3291 1273 3294 ¹

170 3363 271 3416 referas.
283 3357 474 3418 Ilm—Castus,
485 3357 679 3426 pius-Plura
714 3358 774 3410 fles
784 3359 907 3411 sententia
916 3356 994 3409 multo
1006 3356 1083 3424 magis
1093 3355 1158 3409 iavet
1167 3356 1220 3424 glo·

170 3445 278 3512 mlieris,
291 3441 426 3512 ampliora,
443 3456 518 3510 quam
530 3457 584 3509 quae
595 3439 679 3492 relicta
714 3441 758 3492 rie
768 3439 890 3509 Augusti,
899 3457 972 3512 quarn
982 3439 1004 3492 ri
1014 3456 1070 3492 eum
1078 3439 1222 3510 Cmqnioet

171 3537 268 3595 essent,
279 3528 307 3579 lr.
320 3543 343 3579 e.
357 3542 458 3594 regnum
468 3523 555 3580 relicto
566 3524 644 3591 majus
654 3532 681 3576 et
713 3521 826 3577 Bentleio
836 3523 938 3591 legeris:
952 3525 1072 3594 Quoeque
1080 3540 1128 3576 voa
1137 3523 1221 3578 dudm

171 3611 305 3685 potentius.
714 3619 858 3660 veneretur
867 3606 937 3678 (pros
949 3606 1025 3676 rogat)
1037 3607 1135 3662 albu...
1145 3609 1222 3680 inape-
1301 3625 1304 3630 ·

207 3704 252 3747 en.
267 3689 320 3759 Di,
332 3689 421 3760 Apollo
436 3703 463 3746 et
476 3693 564 3748 Diana.
578 3690 634 3746 lem
647 3693 680 3746 ab
714 3691 899 3742 oea-tuens
909 3689 985 3750 albis,
998 3690 1121 3744 uleenim
1130 3693 1222 3746 mriti-

173 3779 289 3849 Apolline
300 3785 326 3829 et
338 3775 416 3828 Diana
426 3787 680 3848 poetapreraturom-
715 3773 782 3825 eium
799 3775 929 3842 exigebant
947 3791 1032 3828 versus
1051 3775 1222 3846 Sibyllini.-

173 3864 276 3932 niaque
284 3860 377 3914 mustis
388 3859 529 3914 felicitatem
538 3862 675 3916 eonferent.
713 3856 837 3912 Auente
847 3859 1008 3931 Vener-rique
1022 3859 1147 3930 emguis,
1163 3861 1223 3914 hius

173 3942 677 4015 —prodosmoresnihilenimjnrentuti
712 3940 839 4010 superus
862 3961 930 4014 supr.
954 3943 1003 4011 lv,
1026 3954 1058 4006 o,
1078 3955 1111 3996 t.-
1131 3943 1221 3998 «diris

172 4028 311 4108 optabilius
321 4045 394 4098 qnam
410 4027 481 4096 probi
498 4045 577 4083 mores
587 4029 677 4100 quibus
713 4038 781 4082 ortus
793 4029 919 4092 sdicitur,
933 4028 977 4082 nbi
990 4027 1042 4082 rid.
1055 4037 1149 4083 not-
1159 4026 1219 4084 dell.
