2950 4548
266 407 329 476 166
536 408 579 494 Q.
606 406 813 473 IIORATII
838 405 863 471 F
869 405 1013 474 LACCI

405 547 537 613 Privata
551 544 672 614 deduci
687 545 829 638 superbo

450 663 528 733 Non
541 659 675 730 humilis
687 658 807 730 mulier
818 661 999 755 triumpho.

257 842 510 896 duceretur.-Saevir
518 841 647 900 Liburnis,
659 840 761 892 navibus
796 837 887 892 Sciron.
901 835 957 894 Idi
966 845 1012 892 tut.
1024 842 1148 912 αἱρουμένη
1159 843 1247 910 μᾶλλον
1257 843 1296 892 is-

257 927 307 980 illis
326 927 407 996 parvis
418 936 444 978 et
461 925 635 990 velocioribus,
646 922 760 993 qualibus
795 920 868 990 τῖμως
880 921 1013 988 deoduino,
1026 923 1042 979 ἢ
1054 923 1076 974 iu
1092 919 1233 991 ἰδιωτικῇ
1245 923 1295 973 τά-

258 1008 362 1060 Liburni
381 1008 494 1076 inprimis
512 1007 597 1074 pir-etse
615 1023 682 1058 mure
700 1005 759 1060 olim
794 1000 836 1063 ξιι
855 1001 904 1055 ieri
923 1005 1049 1074 Isdrpnu
1068 1006 1295 1074 ἀτιμασθῆναι,

257 1093 443 1154 infestaverun13
456 1092 508 1157 jam
521 1105 579 1142 vero
587 1107 662 1159 quum
670 1087 757 1156 Augu-
794 1089 881 1150 destris
899 1089 981 1144 ianr-Is
996 1089 1114 1157 ipsimi.
1125 1117 1161 1126 -
1174 1086 1233 1138 Non
1245 1085 1296 1136 du·

255 1185 317 1240 stus,
325 1169 564 1242 velpotiungrippn
572 1173 756 1238 egregiseurum
791 1173 858 1224 muts
867 1174 969 1232 mutter,
977 1173 1191 1239 muliergenerosae
1199 1171 1297 1230 indolis,

256 1273 330 1326 opere
339 1273 388 1307 non
400 1254 477 1306 solum
488 1251 592 1306 Antonii
602 1255 701 1306 clussem
709 1293 717 1318 ,
726 1271 757 1307 ex
791 1257 857 1326 quod
867 1257 949 1322 regine
960 1258 1023 1309 nrori
1032 1255 1127 1318 mullet,
1137 1271 1211 1324 mm
1222 1269 1298 1320 regno

254 1337 423 1406 grandioribus
432 1345 457 1388 et
465 1335 590 1388 obmolenr
600 1351 667 1387 suern
675 1337 758 1389 minus
792 1350 880 1403 eruto,
889 1341 985 1392 victoris
994 1341 1145 1409 triumphurn
1155 1355 1250 1392 ornare.
1260 1365 1297 1376 -

254 1421 358 1488 agilibus
367 1418 468 1471 nuribus
484 1417 638 1480 immotum,
649 1419 757 1482 vicisset,
791 1419 925 1492 triumpho,
938 1422 1010 1475 tertio
1021 1439 1077 1474 nasu
1089 1439 1151 1491 pro:
1163 1422 1194 1473 nd
1204 1423 1294 1472 trium·

255 1506 297 1558 sed
317 1505 403 1556 iisdem
422 1504 496 1554 etinm
516 1502 547 1552 ud
568 1501 757 1571 persequendam
793 1505 889 1572 plum,
912 1523 961 1558 non
980 1517 1061 1559 eutem
1081 1515 1150 1559 sexto
1171 1521 1215 1573 pro
1239 1523 1245 1554 :
1270 1506 1296 1555 in

255 1585 754 1655 CleopatrnmurruessetoumdiIeompro:
793 1589 924 1655 triumpho.
950 1588 1006 1656 Quo
1022 1605 1106 1641 senms
1127 1605 1210 1642 errore
1224 1589 1297 1639 deos-

255 1671 366 1724 hostibns
381 1668 561 1731 infestissimis,
575 1675 706 1736 ponuntur.
721 1695 756 1706 -··
792 1679 847 1737 ptus
861 1670 983 1738 interpres
994 1671 1112 1729 Galr‘eorr',
1130 1681 1195 1722 retus
1207 1671 1297 1722 scilieet

255 1752 379 1812 zirvrilens,
391 1753 523 1818 indignate,
535 1750 620 1802 nolens
628 1751 756 1818 obsupes
792 1753 898 1818 reginnrn
906 1771 954 1806 non
965 1755 1071 1822 potuisse
1082 1755 1107 1805 in
1118 1755 1242 1821 triumpho
1254 1767 1299 1822 per

255 1837 432 1889 biamnnvibus
441 1833 758 1887 Liburnislrunchonorenr
794 1835 877 1886 Rome
894 1838 945 1888 rins
963 1837 1066 1888 navibus
1076 1837 1149 1900 duci,
1166 1837 1258 1906 aliquid
1270 1837 1297 1886 in

256 1923 378 1984 tribuere,
389 1932 417 1973 ut
431 1922 461 1972 iis
473 1919 574 1971 Romam
586 1918 758 1969 duoeretur.-
794 1917 834 1993 lpis
842 1919 952 1970 versibus
964 1920 1105 1971 mutandum
1116 1929 1142 1972 et
1152 1921 1187 1972 sic
1195 1921 1298 1987 jungen-

258 2003 361 2058 Prrirauz
369 2003 471 2063 liodrici,
483 2013 511 2054 ut
521 2003 614 2072 private
624 2001 659 2070 (h.
670 2019 693 2054 e.
704 2019 759 2070 per*
793 2000 852 2053 dum
864 2019 917 2055 esse
928 2005 1022 2056 oenmit
1035 2023 1040 2052 :
1055 2005 1194 2056 Deliberntn
1204 2014 1296 2068 morto,

255 2089 308 2142 dito
318 2091 389 2156 regin
400 2086 527 2154 dignitatis
539 2084 644 2153 honore)
653 2084 758 2136 doduoe-
795 2085 898 2140 ferocior
916 2090 984 2140 serie
999 2089 1133 2152 Liburnis,
1150 2105 1223 2157 quern
1240 2089 1298 2140 steri

257 2183 342 2236 retur;
361 2179 496 2241 opportune
508 2169 547 2221 Cl.
567 2167 668 2220 Mitsclr.
686 2167 761 2220 atteri
797 2169 922 2234 Liburni;
940 2187 994 2239 φιτ
1013 2174 1134 2225 sententia
1156 2171 1299 2225 insolentior

254 2253 332 2307 ionum
341 2271 355 2306 e
363 2253 456 2307 zenon.
467 2253 539 2305 Gent.
547 2251 580 2313 V,
591 2269 615 2318 p.
629 2261 686 2312 tut,
696 2251 756 2303 odit.
797 2253 901 2304 neminis
912 2269 1010 2308 assensu
1022 2256 1147 2308 innititur.

291 2511 421 2565 Assursrs.
441 2512 497 2579 Quo
509 2512 603 2579 gravius
617 2513 664 2564 luit
676 2515 823 2583 periurium,
837 2515 902 2585 quod
913 2513 1024 2568 Romano
1036 2512 1141 2584 imperio
1151 2513 1299 2566 moliebatur

257 2597 394 2668 Cleopatra,
402 2615 433 2650 eo
440 2597 519 2650 laetior
527 2597 643 2650 Romanis
653 2599 758 2652 debebat
767 2617 818 2654 esse
828 2603 932 2653 nuncius
940 2601 972 2652 de
982 2609 1066 2662 morte,
1076 2617 1148 2670 quem
1157 2599 1296 2668 Cleopatra,

255 2703 330 2758 quum
348 2703 413 2739 anno
429 2696 483 2756 post
497 2701 601 2755 pugnam
618 2685 741 2740 Actiacum
762 2689 954 2758 (mcxxtv)
973 2699 1043 2758 cepta
1064 2693 1175 2742 essetab
1191 2686 1299 2755 Augusto

257 2769 421 2837 Alexandria,
436 2771 527 2839 aspidis
537 2772 567 2822 ad
578 2789 664 2840 oorpus
676 2773 778 2824 admotu
794 2791 889 2841 morsu,
904 2791 936 2826 ne
953 2775 979 2826 in
995 2775 1146 2842 triumphum
1162 2775 1298 2836 duoeretur‚

256 2857 290 2910 ibi
305 2857 428 2910 onnscirit.
441 2857 509 2908 -In
523 2858 595 2924 hujus
603 2855 705 2926 publicu:
715 2859 789 2926 igitur
798 2861 891 2913 loetitiae
906 2860 1044 2913 societatem
1054 2860 1112 2912 dum
1123 2870 1192 2930 poete
1204 2859 1295 2912 sodales

258 2962 314 2997 suos
328 2954 421 3012 evocat,
434 2955 460 2996 et
474 2945 595 3012 quomodo
607 2944 751 3014 Cleopatr-n,
768 2949 799 2998 ed
815 2947 914 3001 Actium
933 2949 1039 3016 primurn
1055 2947 1087 3000 sb
1103 2947 1213 3014 Augusto
1221 2948 1298 3010 victu,

258 3029 348 3082 deinde
358 3045 434 3098 usque
446 3047 474 3081 eo
485 3030 580 3082 reducta
591 3030 681 3096 luerit,
694 3041 721 3082 ut
735 3032 841 3086 uiolenta
851 3043 928 3086 morte
940 3035 1044 3103 periret,
1056 3031 1199 3085 sublimiore
1210 3031 1298 3100 spiritu

259 3126 369 3182 enarrat,
378 3115 426 3167 ulie
435 3117 504 3184 quusi
514 3131 597 3182 egens,
606 3114 728 3184 dugenti,
739 3129 767 3170 ut
777 3121 875 3173 statoris
887 3120 990 3172 Romani
1003 3117 1113 3187 imperii,
1127 3117 1243 3170 leudesio
1254 3119 1300 3168 hoc

257 3201 365 3252 carmine
377 3199 492 3252 celebret.

293 3285 394 3338 Eminet
403 3286 450 3338 hoo
458 3302 556 3338 carmen
566 3286 716 3340 viridissima
725 3305 806 3340 rerum
814 3287 977 3356 expositione,
988 3287 1120 3339 affectuum
1129 3286 1167 3350 ri,
1178 3283 1298 3336 elomtio·

259 3372 345 3440 nisque
354 3380 443 3424 ornatu
457 3371 592 3438 splendIdo.
610 3371 640 3423 ln
658 3373 816 3440 exprimendo
828 3371 963 3438 Cleopatra
974 3373 1110 3424 charactere
1117 3386 1214 3420 sensum
1225 3368 1299 3436 plane

257 3461 394 3512 Ilornsnurn
410 3469 505 3511 secutus
519 3471 556 3512 est
567 3471 652 3529 poem
665 3462 799 3514 evertendae
813 3461 880 3514 enim
896 3460 958 3530 reip.
977 3461 1092 3514 Romnum
1104 3450 1234 3513 consilium
1247 3475 1296 3510 non

256 3557 365 3615 poterat,
381 3545 441 3616 quin
453 3545 562 3598 Ilomnno
582 3547 644 3611 oiri,
659 3548 702 3615 qui
716 3547 832 3614 Capitolii
845 3563 924 3598 nroeru
938 3557 1053 3598 aeternem
1069 3556 1189 3616 caputque
1200 3545 1298 3613 imperii

258 3633 325 3694 orbis
334 3643 452 3684 terrarum
462 3633 579 3699 heberet,
591 3635 763 3696 temerarium,
775 3634 901 3698 insonum,
912 3633 1039 3686 inlnndum
1051 3634 1124 3686 etiem
1136 3633 1268 3688 rideretur.

291 3715 411 3783 Compara
419 3731 474 3766 oum
484 3717 529 3768 hoo
536 3720 643 3770 earmine
654 3717 713 3770 inlr.
725 3717 804 3785 Epod.
817 3729 850 3780 05
862 3717 933 3785 Virg.
947 3719 1006 3770 AEn.
1015 3718 1093 3784 VIII,
1107 3729 1158 3772 urs
1168 3738 1176 3782 5
1187 3719 1294 3787 etProp.

252 3801 308 3866 111,
321 3813 362 3865 ll,
378 3812 404 3852 et
416 3801 464 3866 tv,
476 3813 500 3854 u.
515 3803 581 3856 Vide
591 3805 665 3856 etium
679 3814 743 3855 nost.
757 3803 816 3854 edit.
835 3804 946 3870 Livium,
958 3805 1066 3868 svnt,
1083 3823 1108 3873 p.
1126 3815 1191 3870 ³⁷95
1209 3805 1297 3871 lrngm„
1329 3859 1332 3866 ,

253 3887 309 3936 tib.
321 3885 471 3937 CXXXIII.
485 3885 650 3956 «Cleopatra,
665 3906 740 3956 quurn
753 3889 784 3938 nb
797 3885 906 3954 Augusto
922 3901 991 3958 captu
1005 3891 1171 3964 indulgentius
1182 3891 1214 3941 do
1224 3891 1296 3941 indu-

250 3973 309 4022 stria
328 3983 476 4038 tractaretur,
494 3975 626 4028 identidem
642 3978 723 4028 dicere
735 3975 840 4028 solebat:
861 3976 887 4026 ui
904 3975 1103 4046 θριαμῧιὺσομαι,
1117 3995 1168 4032 non
1181 3975 1299 4029 deducus·

249 4056 379 4124 vtittnpdto.
393 4079 405 4105 u
420 4059 465 4109 En.
