<?xml version="1.0" encoding="UTF-8"?>
<!DOCTYPE html PUBLIC "-//W3C//DTD XHTML 1.0 Transitional//EN"
    "http://www.w3.org/TR/xhtml1/DTD/xhtml1-transitional.dtd">
<html xmlns="http://www.w3.org/1999/xhtml" xml:lang="en" lang="en">
 <head>
  <title>
</title>
<meta http-equiv="Content-Type" content="text/html;charset=utf-8" />
  <meta name='ocr-system' content='tesseract 3.04.00' />
  <meta name='ocr-capabilities' content='ocr_page ocr_carea ocr_par ocr_line ocrx_word'/>
</head>
<body>
  <div class='ocr_page' id='page_1' title='image "./quintushoratius01lemagoog_0568.png"; bbox 0 0 2892 4558; ppageno 0'>
   <div class='ocr_carea' id='block_1_1' title="bbox 406 359 1181 462">
    <p class='ocr_par' dir='ltr' id='par_1_1' title="bbox 406 359 1181 462">
     <span class='ocr_line' id='line_1_1' title="bbox 406 359 1181 462; baseline 0.001 -31"><span class='ocrx_word' id='word_1_1' title='bbox 406 359 614 432; x_wconf 77' lang='lat' dir='ltr'>cARMEtt</span> <span class='ocrx_word' id='word_1_2' title='bbox 638 359 919 431; x_wconf 80' lang='lat' dir='ltr'>SAECULARE.</span> <span class='ocrx_word' id='word_1_3' title='bbox 1113 359 1181 462; x_wconf 79' lang='lat'>557</span> 
     </span>
    </p>
   </div>
   <div class='ocr_carea' id='block_1_2' title="bbox 139 496 1190 2984">
    <p class='ocr_par' dir='ltr' id='par_1_2' title="bbox 139 496 1190 2984">
     <span class='ocr_line' id='line_1_2' title="bbox 140 496 1183 573; baseline -0.002 -17"><span class='ocrx_word' id='word_1_4' title='bbox 140 499 221 556; x_wconf 69' lang='lat' dir='ltr'>elon</span> <span class='ocrx_word' id='word_1_5' title='bbox 235 499 320 552; x_wconf 61' lang='lat' dir='ltr'>mooe</span> <span class='ocrx_word' id='word_1_6' title='bbox 333 513 386 551; x_wconf 81' lang='lat' dir='ltr'>ese</span> <span class='ocrx_word' id='word_1_7' title='bbox 399 497 556 566; x_wconf 70' lang='lat' dir='ltr'>dinume,</span> <span class='ocrx_word' id='word_1_8' title='bbox 571 497 599 552; x_wconf 84' lang='lat' dir='ltr'>iu</span> <span class='ocrx_word' id='word_1_9' title='bbox 613 507 712 568; x_wconf 84' lang='lat' dir='ltr'>pronto</span> <span class='ocrx_word' id='word_1_10' title='bbox 724 496 1126 568; x_wconf 52' lang='lat' dir='ltr'>commemoremur</span> <span class='ocrx_word' id='word_1_11' title='bbox 1137 521 1183 573; x_wconf 77' lang='lat' dir='ltr'>pro</span> 
     </span>
     <span class='ocr_line' id='line_1_3' title="bbox 141 583 1184 653; baseline 0.004 -17"><span class='ocrx_word' id='word_1_12' title='bbox 141 585 301 638; x_wconf 74' lang='lat' dir='ltr'>lundemmto</span> <span class='ocrx_word' id='word_1_13' title='bbox 310 583 520 653; x_wconf 79' lang='lat' dir='ltr'>interpretetionis</span> <span class='ocrx_word' id='word_1_14' title='bbox 530 584 619 638; x_wconf 84' lang='lat' dir='ltr'>heberi</span> <span class='ocrx_word' id='word_1_15' title='bbox 631 584 747 650; x_wconf 78' lang='lat' dir='ltr'>debeent,</span> <span class='ocrx_word' id='word_1_16' title='bbox 756 583 783 636; x_wconf 90' lang='lat' dir='ltr'>in</span> <span class='ocrx_word' id='word_1_17' title='bbox 791 583 893 650; x_wconf 74' lang='lat' dir='ltr'>gratinus</span> <span class='ocrx_word' id='word_1_18' title='bbox 903 583 1020 638; x_wconf 83' lang='lat' dir='ltr'>lentorum</span> <span class='ocrx_word' id='word_1_19' title='bbox 1029 585 1135 653; x_wconf 77' lang='lat' dir='ltr'>integros</span> <span class='ocrx_word' id='word_1_20' title='bbox 1141 605 1184 640; x_wconf 91' lang='lat' dir='ltr'>eos</span> 
     </span>
     <span class='ocr_line' id='line_1_4' title="bbox 141 669 1184 740; baseline 0.006 -18"><span class='ocrx_word' id='word_1_21' title='bbox 141 669 299 736; x_wconf 73' lang='lat' dir='ltr'>subjungent,</span> <span class='ocrx_word' id='word_1_22' title='bbox 314 669 358 721; x_wconf 89' lang='lat' dir='ltr'>nbi</span> <span class='ocrx_word' id='word_1_23' title='bbox 373 669 473 738; x_wconf 82' lang='lat' dir='ltr'>peuenle</span> <span class='ocrx_word' id='word_1_24' title='bbox 488 671 599 740; x_wconf 79' lang='lat' dir='ltr'>quedem</span> <span class='ocrx_word' id='word_1_25' title='bbox 614 669 776 738; x_wconf 72' lang='lat' dir='ltr'>genereliorn,</span> <span class='ocrx_word' id='word_1_26' title='bbox 787 685 843 740; x_wconf 80' lang='lat' dir='ltr'>que</span> <span class='ocrx_word' id='word_1_27' title='bbox 852 670 951 738; x_wconf 85' lang='lat' dir='ltr'>quidem</span> <span class='ocrx_word' id='word_1_28' title='bbox 961 687 1007 738; x_wconf 83' lang='lat' dir='ltr'>pro</span> <span class='ocrx_word' id='word_1_29' title='bbox 1017 671 1093 725; x_wconf 85' lang='lat' dir='ltr'>londo</span> <span class='ocrx_word' id='word_1_30' title='bbox 1102 676 1184 728; x_wconf 87' lang='lat' dir='ltr'>omnis</span> 
     </span>
     <span class='ocr_line' id='line_1_5' title="bbox 139 750 1184 825; baseline 0.007 -20"><span class='ocrx_word' id='word_1_31' title='bbox 139 753 316 822; x_wconf 70' lang='lat' dir='ltr'>disputationis</span> <span class='ocrx_word' id='word_1_32' title='bbox 330 754 375 806; x_wconf 84' lang='lat' dir='ltr'>lun</span> <span class='ocrx_word' id='word_1_33' title='bbox 387 754 419 806; x_wconf 90' lang='lat' dir='ltr'>de</span> <span class='ocrx_word' id='word_1_34' title='bbox 433 771 461 807; x_wconf 88' lang='lat' dir='ltr'>re</span> <span class='ocrx_word' id='word_1_35' title='bbox 473 755 586 808; x_wconf 85' lang='lat' dir='ltr'>hebonde</span> <span class='ocrx_word' id='word_1_36' title='bbox 598 771 651 808; x_wconf 87' lang='lat' dir='ltr'>esse</span> <span class='ocrx_word' id='word_1_37' title='bbox 663 765 747 825; x_wconf 90' lang='lat' dir='ltr'>putem</span> <span class='ocrx_word' id='word_1_38' title='bbox 755 791 763 818; x_wconf 93' lang='lat'>,</span> <span class='ocrx_word' id='word_1_39' title='bbox 772 770 805 806; x_wconf 85' lang='lat' dir='ltr'>ne</span> <span class='ocrx_word' id='word_1_40' title='bbox 814 753 886 823; x_wconf 84' lang='lat' dir='ltr'>plene</span> <span class='ocrx_word' id='word_1_41' title='bbox 895 750 1035 824; x_wconf 55' lang='lat' dir='ltr'>inoptatae</span> <span class='ocrx_word' id='word_1_42' title='bbox 1045 757 1184 812; x_wconf 68' lang='lat' dir='ltr'>diremisse</span> 
     </span>
     <span class='ocr_line' id='line_1_6' title="bbox 141 841 1185 915; baseline 0.006 -24"><span class='ocrx_word' id='word_1_43' title='bbox 141 853 237 907; x_wconf 73' lang='lat' dir='ltr'>ergoet,</span> <span class='ocrx_word' id='word_1_44' title='bbox 246 841 403 908; x_wconf 73' lang='lat' dir='ltr'>pmnisero:</span> <span class='ocrx_word' id='word_1_45' title='bbox 414 855 470 892; x_wconf 83' lang='lat' dir='ltr'>nem</span> <span class='ocrx_word' id='word_1_46' title='bbox 482 841 711 908; x_wconf 68' lang='lat' dir='ltr'>singulemomente</span> <span class='ocrx_word' id='word_1_47' title='bbox 720 841 833 911; x_wconf 72' lang='lat' dir='ltr'>persequi</span> <span class='ocrx_word' id='word_1_48' title='bbox 843 857 923 910; x_wconf 76' lang='lat' dir='ltr'>neque</span> <span class='ocrx_word' id='word_1_49' title='bbox 932 841 977 893; x_wconf 91' lang='lat' dir='ltr'>otii</span> <span class='ocrx_word' id='word_1_50' title='bbox 989 842 1038 894; x_wconf 88' lang='lat' dir='ltr'>mei</span> <span class='ocrx_word' id='word_1_51' title='bbox 1046 853 1093 911; x_wconf 86' lang='lat' dir='ltr'>est,</span> <span class='ocrx_word' id='word_1_52' title='bbox 1104 861 1185 915; x_wconf 85' lang='lat' dir='ltr'>neque</span> 
     </span>
     <span class='ocr_line' id='line_1_7' title="bbox 140 923 1100 997; baseline 0.003 -21"><span class='ocrx_word' id='word_1_53' title='bbox 140 939 200 976; x_wconf 81' lang='lat' dir='ltr'>retu</span> <span class='ocrx_word' id='word_1_54' title='bbox 209 924 282 990; x_wconf 73' lang='lat' dir='ltr'>huju</span> <span class='ocrx_word' id='word_1_55' title='bbox 292 923 402 978; x_wconf 85' lang='lat' dir='ltr'>looiesse</span> <span class='ocrx_word' id='word_1_56' title='bbox 410 924 525 991; x_wconf 73' lang='lat' dir='ltr'>ulritror,</span> <span class='ocrx_word' id='word_1_57' title='bbox 537 935 589 978; x_wconf 84' lang='lat' dir='ltr'>tum</span> <span class='ocrx_word' id='word_1_58' title='bbox 598 927 630 978; x_wconf 77' lang='lat' dir='ltr'>ab</span> <span class='ocrx_word' id='word_1_59' title='bbox 638 927 694 979; x_wconf 77' lang='lat' dir='ltr'>aliis</span> <span class='ocrx_word' id='word_1_60' title='bbox 703 925 740 997; x_wconf 83' lang='grc'>(3)</span> <span class='ocrx_word' id='word_1_61' title='bbox 754 925 838 993; x_wconf 77' lang='lat' dir='ltr'>idiunt</span> <span class='ocrx_word' id='word_1_62' title='bbox 847 926 942 994; x_wconf 88' lang='lat' dir='ltr'>nnpioee</span> <span class='ocrx_word' id='word_1_63' title='bbox 953 925 1042 978; x_wconf 76' lang='lat' dir='ltr'>lentum</span> <span class='ocrx_word' id='word_1_64' title='bbox 1053 937 1100 980; x_wconf 88' lang='lat' dir='ltr'>eet.</span> 
     </span>
     <span class='ocr_line' id='line_1_8' title="bbox 175 1007 1186 1091; baseline 0.006 -29"><span class='ocrx_word' id='word_1_65' title='bbox 175 1007 287 1062; x_wconf 78' lang='lat' dir='ltr'>Omnino</span> <span class='ocrx_word' id='word_1_66' title='bbox 296 1009 331 1076; x_wconf 90' lang='lat' dir='ltr'>si,</span> <span class='ocrx_word' id='word_1_67' title='bbox 339 1011 564 1080; x_wconf 66' lang='lat' dir='ltr'>quedemrnm</span> <span class='ocrx_word' id='word_1_68' title='bbox 574 1013 725 1064; x_wconf 70' lang='lat' dir='ltr'>noulerim</span> <span class='ocrx_word' id='word_1_69' title='bbox 734 1011 877 1082; x_wconf 85' lang='lat' dir='ltr'>primordiis</span> <span class='ocrx_word' id='word_1_70' title='bbox 884 1009 920 1080; x_wconf 80' lang='lat' dir='ltr'>(t)</span> <span class='ocrx_word' id='word_1_71' title='bbox 929 1011 1068 1080; x_wconf 70' lang='lat' dir='ltr'>truduntur,</span> <span class='ocrx_word' id='word_1_72' title='bbox 1077 1015 1186 1091; x_wconf 71' lang='lat' dir='ltr'>oureties</span> 
     </span>
     <span class='ocr_line' id='line_1_9' title="bbox 140 1098 1185 1172; baseline 0.005 -22"><span class='ocrx_word' id='word_1_73' title='bbox 140 1098 278 1168; x_wconf 71' lang='lat' dir='ltr'>expendes,</span> <span class='ocrx_word' id='word_1_74' title='bbox 288 1099 420 1152; x_wconf 85' lang='lat' dir='ltr'>ebiisdem</span> <span class='ocrx_word' id='word_1_75' title='bbox 430 1115 474 1164; x_wconf 84' lang='lat' dir='ltr'>ee,</span> <span class='ocrx_word' id='word_1_76' title='bbox 486 1101 553 1154; x_wconf 85' lang='lat' dir='ltr'>unde</span> <span class='ocrx_word' id='word_1_77' title='bbox 565 1100 646 1154; x_wconf 87' lang='lat' dir='ltr'>omnis</span> <span class='ocrx_word' id='word_1_78' title='bbox 657 1103 710 1154; x_wconf 86' lang='lat' dir='ltr'>lere</span> <span class='ocrx_word' id='word_1_79' title='bbox 722 1101 1185 1172; x_wconf 66' lang='lat' dir='ltr'>proeeseitreligioenlleurumenltus,</span> 
     </span>
     <span class='ocr_line' id='line_1_10' title="bbox 140 1187 1184 1262; baseline 0.006 -22"><span class='ocrx_word' id='word_1_80' title='bbox 140 1187 249 1256; x_wconf 83' lang='lat' dir='ltr'>ptuieote</span> <span class='ocrx_word' id='word_1_81' title='bbox 266 1201 319 1242; x_wconf 82' lang='lat' dir='ltr'>esee</span> <span class='ocrx_word' id='word_1_82' title='bbox 333 1189 427 1256; x_wconf 65' lang='lat' dir='ltr'>nnsis,</span> <span class='ocrx_word' id='word_1_83' title='bbox 443 1190 510 1242; x_wconf 86' lang='lat' dir='ltr'>heud</span> <span class='ocrx_word' id='word_1_84' title='bbox 525 1199 618 1243; x_wconf 83' lang='lat' dir='ltr'>temere</span> <span class='ocrx_word' id='word_1_85' title='bbox 631 1189 729 1258; x_wconf 71' lang='lat' dir='ltr'>nulligus</span> <span class='ocrx_word' id='word_1_86' title='bbox 745 1190 839 1256; x_wconf 78' lang='lat' dir='ltr'>exiis,</span> <span class='ocrx_word' id='word_1_87' title='bbox 856 1207 927 1259; x_wconf 71' lang='lat' dir='ltr'>pre,</span> <span class='ocrx_word' id='word_1_88' title='bbox 942 1191 1184 1262; x_wconf 81' lang='lat' dir='ltr'>uteunquedieerse,</span> 
     </span>
     <span class='ocr_line' id='line_1_11' title="bbox 140 1272 1186 1346; baseline 0.007 -21"><span class='ocrx_word' id='word_1_89' title='bbox 140 1272 229 1328; x_wconf 89' lang='lat' dir='ltr'>ultime</span> <span class='ocrx_word' id='word_1_90' title='bbox 238 1275 347 1330; x_wconf 60' lang='lat' dir='ltr'>lomene</span> <span class='ocrx_word' id='word_1_91' title='bbox 355 1276 387 1327; x_wconf 89' lang='lat' dir='ltr'>de</span> <span class='ocrx_word' id='word_1_92' title='bbox 397 1276 430 1327; x_wconf 90' lang='lat' dir='ltr'>iis</span> <span class='ocrx_word' id='word_1_93' title='bbox 441 1275 525 1344; x_wconf 78' lang='lat' dir='ltr'>prodit</span> <span class='ocrx_word' id='word_1_94' title='bbox 536 1277 680 1346; x_wconf 79' lang='lat' dir='ltr'>entiquites.</span> <span class='ocrx_word' id='word_1_95' title='bbox 698 1277 771 1328; x_wconf 78' lang='lat' dir='ltr'>Serre</span> <span class='ocrx_word' id='word_1_96' title='bbox 785 1276 854 1328; x_wconf 89' lang='lat' dir='ltr'>enim</span> <span class='ocrx_word' id='word_1_97' title='bbox 870 1276 917 1328; x_wconf 82' lang='lat' dir='ltr'>iste</span> <span class='ocrx_word' id='word_1_98' title='bbox 928 1276 1001 1329; x_wconf 84' lang='lat' dir='ltr'>initio</span> <span class='ocrx_word' id='word_1_99' title='bbox 1011 1277 1086 1331; x_wconf 79' lang='lat' dir='ltr'>luisse</span> <span class='ocrx_word' id='word_1_100' title='bbox 1094 1278 1186 1331; x_wconf 73' lang='lat' dir='ltr'>dertus-</span> 
     </span>
     <span class='ocr_line' id='line_1_12' title="bbox 140 1357 1186 1432; baseline 0.006 -20"><span class='ocrx_word' id='word_1_101' title='bbox 140 1359 250 1432; x_wconf 79' lang='lat' dir='ltr'>rteit(5),</span> <span class='ocrx_word' id='word_1_102' title='bbox 260 1364 287 1415; x_wconf 85' lang='lat' dir='ltr'>h.</span> <span class='ocrx_word' id='word_1_103' title='bbox 298 1357 598 1415; x_wconf 71' lang='lat' dir='ltr'>mmdeneoron&#39;</span> <span class='ocrx_word' id='word_1_104' title='bbox 603 1364 647 1414; x_wconf 85' lang='lat' dir='ltr'>ire</span> <span class='ocrx_word' id='word_1_105' title='bbox 652 1361 691 1415; x_wconf 82' lang='lat' dir='ltr'>sel</span> <span class='ocrx_word' id='word_1_106' title='bbox 700 1361 818 1431; x_wconf 71' lang='lat' dir='ltr'>prodigiis</span> <span class='ocrx_word' id='word_1_107' title='bbox 825 1361 944 1414; x_wconf 84' lang='lat' dir='ltr'>nnntiete</span> <span class='ocrx_word' id='word_1_108' title='bbox 950 1361 988 1414; x_wconf 82' lang='lat' dir='ltr'>sol</span> <span class='ocrx_word' id='word_1_109' title='bbox 996 1363 1112 1416; x_wconf 85' lang='lat' dir='ltr'>immissis</span> <span class='ocrx_word' id='word_1_110' title='bbox 1119 1366 1186 1418; x_wconf 81' lang='lat' dir='ltr'>nele-</span> 
     </span>
     <span class='ocr_line' id='line_1_13' title="bbox 141 1447 1186 1517; baseline 0.004 -19"><span class='ocrx_word' id='word_1_111' title='bbox 141 1447 270 1500; x_wconf 84' lang='lat' dir='ltr'>uritetr&#39;bus</span> <span class='ocrx_word' id='word_1_112' title='bbox 286 1448 406 1517; x_wconf 75' lang='lat' dir='ltr'>explicite</span> <span class='ocrx_word' id='word_1_113' title='bbox 424 1447 552 1514; x_wconf 82' lang='lat' dir='ltr'>institute,</span> <span class='ocrx_word' id='word_1_114' title='bbox 568 1457 620 1500; x_wconf 89' lang='lat' dir='ltr'>tum</span> <span class='ocrx_word' id='word_1_115' title='bbox 635 1448 785 1502; x_wconf 71' lang='lat' dir='ltr'>uenationis</span> <span class='ocrx_word' id='word_1_116' title='bbox 797 1448 916 1517; x_wconf 80' lang='lat' dir='ltr'>cujusque</span> <span class='ocrx_word' id='word_1_117' title='bbox 925 1447 1033 1500; x_wconf 85' lang='lat' dir='ltr'>ostendit</span> <span class='ocrx_word' id='word_1_118' title='bbox 1043 1450 1186 1516; x_wconf 71' lang='lat' dir='ltr'>ingenium,</span> 
     </span>
     <span class='ocr_line' id='line_1_14' title="bbox 141 1533 1188 1602; baseline 0.006 -19"><span class='ocrx_word' id='word_1_119' title='bbox 141 1541 195 1584; x_wconf 90' lang='lat' dir='ltr'>tum</span> <span class='ocrx_word' id='word_1_120' title='bbox 213 1549 228 1584; x_wconf 86' lang='lat' dir='ltr'>e</span> <span class='ocrx_word' id='word_1_121' title='bbox 241 1533 364 1596; x_wconf 78' lang='lat' dir='ltr'>Deorum,</span> <span class='ocrx_word' id='word_1_122' title='bbox 374 1533 465 1602; x_wconf 84' lang='lat' dir='ltr'>quibus</span> <span class='ocrx_word' id='word_1_123' title='bbox 481 1535 528 1584; x_wconf 84' lang='lat' dir='ltr'>iste</span> <span class='ocrx_word' id='word_1_124' title='bbox 544 1533 645 1602; x_wconf 80' lang='lat' dir='ltr'>flerent,</span> <span class='ocrx_word' id='word_1_125' title='bbox 664 1534 782 1586; x_wconf 77' lang='lat' dir='ltr'>attribute</span> <span class='ocrx_word' id='word_1_126' title='bbox 793 1543 879 1586; x_wconf 77' lang='lat' dir='ltr'>nature</span> <span class='ocrx_word' id='word_1_127' title='bbox 889 1551 918 1587; x_wconf 87' lang='lat' dir='ltr'>en</span> <span class='ocrx_word' id='word_1_128' title='bbox 929 1533 1012 1587; x_wconf 86' lang='lat' dir='ltr'>indole</span> <span class='ocrx_word' id='word_1_129' title='bbox 1021 1535 1098 1589; x_wconf 88' lang='lat' dir='ltr'>multo</span> <span class='ocrx_word' id='word_1_130' title='bbox 1107 1538 1188 1590; x_wconf 81' lang='lat' dir='ltr'>meni·</span> 
     </span>
     <span class='ocr_line' id='line_1_15' title="bbox 142 1617 1188 1695; baseline 0.006 -25"><span class='ocrx_word' id='word_1_131' title='bbox 142 1618 229 1671; x_wconf 79' lang='lat' dir='ltr'>festiue</span> <span class='ocrx_word' id='word_1_132' title='bbox 237 1628 349 1688; x_wconf 81' lang='lat' dir='ltr'>eppnret.</span> <span class='ocrx_word' id='word_1_133' title='bbox 357 1617 441 1686; x_wconf 85' lang='lat' dir='ltr'>Quum</span> <span class='ocrx_word' id='word_1_134' title='bbox 450 1619 518 1671; x_wconf 89' lang='lat' dir='ltr'>enim</span> <span class='ocrx_word' id='word_1_135' title='bbox 528 1635 613 1672; x_wconf 86' lang='lat' dir='ltr'>omnes</span> <span class='ocrx_word' id='word_1_136' title='bbox 622 1619 705 1672; x_wconf 86' lang='lat' dir='ltr'>Ditem</span> <span class='ocrx_word' id='word_1_137' title='bbox 714 1621 813 1674; x_wconf 78' lang='lat' dir='ltr'>Putrem</span> <span class='ocrx_word' id='word_1_138' title='bbox 822 1637 850 1673; x_wconf 82' lang='lat' dir='ltr'>so</span> <span class='ocrx_word' id='word_1_139' title='bbox 857 1621 1040 1690; x_wconf 83' lang='lat' dir='ltr'>Proserpinem,</span> <span class='ocrx_word' id='word_1_140' title='bbox 1046 1639 1188 1695; x_wconf 69' lang='lat' dir='ltr'>penuqnne</span> 
     </span>
     <span class='ocr_line' id='line_1_16' title="bbox 142 1705 1189 1776; baseline 0.006 -19"><span class='ocrx_word' id='word_1_141' title='bbox 142 1706 229 1757; x_wconf 90' lang='lat' dir='ltr'>mortis</span> <span class='ocrx_word' id='word_1_142' title='bbox 240 1714 305 1758; x_wconf 87' lang='lat' dir='ltr'>esset</span> <span class='ocrx_word' id='word_1_143' title='bbox 317 1705 465 1769; x_wconf 74' lang='lat' dir='ltr'>arbitrium,</span> <span class='ocrx_word' id='word_1_144' title='bbox 484 1705 516 1756; x_wconf 90' lang='lat' dir='ltr'>iis</span> <span class='ocrx_word' id='word_1_145' title='bbox 533 1705 679 1774; x_wconf 75' lang='lat' dir='ltr'>propitiator</span> <span class='ocrx_word' id='word_1_146' title='bbox 696 1707 792 1775; x_wconf 81' lang='lat' dir='ltr'>ierunt,</span> <span class='ocrx_word' id='word_1_147' title='bbox 808 1707 874 1760; x_wconf 80' lang='lat' dir='ltr'>haud</span> <span class='ocrx_word' id='word_1_148' title='bbox 885 1708 988 1760; x_wconf 82' lang='lat' dir='ltr'>obsoure</span> <span class='ocrx_word' id='word_1_149' title='bbox 1001 1709 1129 1776; x_wconf 74' lang='lat' dir='ltr'>ratioet,</span> <span class='ocrx_word' id='word_1_150' title='bbox 1144 1728 1189 1763; x_wconf 84' lang='lat' dir='ltr'>ons</span> 
     </span>
     <span class='ocr_line' id='line_1_17' title="bbox 141 1789 1189 1861; baseline 0.006 -19"><span class='ocrx_word' id='word_1_151' title='bbox 141 1791 229 1843; x_wconf 79' lang='lat' dir='ltr'>horum</span> <span class='ocrx_word' id='word_1_152' title='bbox 247 1790 401 1860; x_wconf 85' lang='lat' dir='ltr'>potissimum</span> <span class='ocrx_word' id='word_1_153' title='bbox 417 1805 499 1858; x_wconf 89' lang='lat' dir='ltr'>penem</span> <span class='ocrx_word' id='word_1_154' title='bbox 516 1789 668 1844; x_wconf 81' lang='lat' dir='ltr'>sollennibus</span> <span class='ocrx_word' id='word_1_155' title='bbox 685 1791 775 1845; x_wconf 89' lang='lat' dir='ltr'>ritibus</span> <span class='ocrx_word' id='word_1_156' title='bbox 790 1791 928 1861; x_wconf 83' lang='lat' dir='ltr'>entiqnitus</span> <span class='ocrx_word' id='word_1_157' title='bbox 945 1802 1068 1846; x_wconf 74' lang='lat' dir='ltr'>exoretm</span> <span class='ocrx_word' id='word_1_158' title='bbox 1084 1795 1189 1850; x_wconf 81' lang='lat' dir='ltr'>soluerit</span> 
     </span>
     <span class='ocr_line' id='line_1_18' title="bbox 142 1875 1189 1948; baseline 0.005 -21"><span class='ocrx_word' id='word_1_159' title='bbox 142 1875 246 1946; x_wconf 90' lang='lat' dir='ltr'>populns</span> <span class='ocrx_word' id='word_1_160' title='bbox 252 1875 386 1943; x_wconf 74' lang='lat' dir='ltr'>Romnum,</span> <span class='ocrx_word' id='word_1_161' title='bbox 395 1875 421 1927; x_wconf 92' lang='lat' dir='ltr'>in</span> <span class='ocrx_word' id='word_1_162' title='bbox 429 1875 547 1942; x_wconf 62' lang='lat' dir='ltr'>pretiosis</span> <span class='ocrx_word' id='word_1_163' title='bbox 552 1875 628 1928; x_wconf 80' lang='lat' dir='ltr'>cledis</span> <span class='ocrx_word' id='word_1_164' title='bbox 636 1878 744 1946; x_wconf 79' lang='lat' dir='ltr'>periurio</span> <span class='ocrx_word' id='word_1_165' title='bbox 749 1877 905 1938; x_wconf 84' lang='lat' dir='ltr'>eonstitutns,</span> <span class='ocrx_word' id='word_1_166' title='bbox 910 1875 949 1928; x_wconf 81' lang='lat' dir='ltr'>rel</span> <span class='ocrx_word' id='word_1_167' title='bbox 957 1885 1025 1945; x_wconf 82' lang='lat' dir='ltr'>peste</span> <span class='ocrx_word' id='word_1_168' title='bbox 1030 1877 1069 1930; x_wconf 81' lang='lat' dir='ltr'>sel</span> <span class='ocrx_word' id='word_1_169' title='bbox 1077 1895 1189 1948; x_wconf 80' lang='lat' dir='ltr'>qnnonsn·</span> 
     </span>
     <span class='ocr_line' id='line_1_19' title="bbox 141 1961 1189 2033; baseline 0.008 -21"><span class='ocrx_word' id='word_1_170' title='bbox 141 1979 190 2032; x_wconf 80' lang='lat' dir='ltr'>qne</span> <span class='ocrx_word' id='word_1_171' title='bbox 200 1961 241 2014; x_wconf 89' lang='lat' dir='ltr'>lee</span> <span class='ocrx_word' id='word_1_172' title='bbox 251 1961 377 2015; x_wconf 80' lang='lat' dir='ltr'>mortifera</span> <span class='ocrx_word' id='word_1_173' title='bbox 389 1962 497 2014; x_wconf 75' lang='lat' dir='ltr'>attritus.</span> <span class='ocrx_word' id='word_1_174' title='bbox 511 1961 582 2030; x_wconf 84' lang='lat' dir='ltr'>Mox,</span> <span class='ocrx_word' id='word_1_175' title='bbox 591 1979 667 2032; x_wconf 83' lang='lat' dir='ltr'>quum</span> <span class='ocrx_word' id='word_1_176' title='bbox 679 1963 847 2032; x_wconf 83' lang='lat' dir='ltr'>superstitiose</span> <span class='ocrx_word' id='word_1_177' title='bbox 859 1962 906 2015; x_wconf 83' lang='lat' dir='ltr'>hee</span> <span class='ocrx_word' id='word_1_178' title='bbox 917 1963 1086 2031; x_wconf 78' lang='lat' dir='ltr'>pronumtione</span> <span class='ocrx_word' id='word_1_179' title='bbox 1094 1967 1189 2033; x_wconf 83' lang='lat' dir='ltr'>perion-</span> 
     </span>
     <span class='ocr_line' id='line_1_20' title="bbox 141 2047 1188 2112; baseline 0.007 -14"><span class='ocrx_word' id='word_1_180' title='bbox 141 2047 194 2099; x_wconf 87' lang='lat' dir='ltr'>lnm</span> <span class='ocrx_word' id='word_1_181' title='bbox 205 2047 244 2098; x_wconf 86' lang='lat' dir='ltr'>eel</span> <span class='ocrx_word' id='word_1_182' title='bbox 261 2047 309 2100; x_wconf 86' lang='lat' dir='ltr'>luis</span> <span class='ocrx_word' id='word_1_183' title='bbox 324 2047 414 2100; x_wconf 81' lang='lat' dir='ltr'>dirius</span> <span class='ocrx_word' id='word_1_184' title='bbox 426 2047 504 2100; x_wconf 82' lang='lat' dir='ltr'>lesete</span> <span class='ocrx_word' id='word_1_185' title='bbox 516 2049 649 2112; x_wconf 81' lang='lat' dir='ltr'>rideretur,</span> <span class='ocrx_word' id='word_1_186' title='bbox 661 2049 800 2100; x_wconf 77' lang='lat' dir='ltr'>mirandum</span> <span class='ocrx_word' id='word_1_187' title='bbox 812 2065 861 2100; x_wconf 85' lang='lat' dir='ltr'>non</span> <span class='ocrx_word' id='word_1_188' title='bbox 870 2057 923 2112; x_wconf 83' lang='lat' dir='ltr'>est,</span> <span class='ocrx_word' id='word_1_189' title='bbox 935 2047 967 2100; x_wconf 86' lang='lat' dir='ltr'>etl</span> <span class='ocrx_word' id='word_1_190' title='bbox 977 2049 1086 2102; x_wconf 74' lang='lat' dir='ltr'>eumdem</span> <span class='ocrx_word' id='word_1_191' title='bbox 1098 2052 1188 2105; x_wconf 83' lang='lat' dir='ltr'>iterum</span> 
     </span>
     <span class='ocr_line' id='line_1_21' title="bbox 142 2136 1187 2206; baseline 0.006 -18"><span class='ocrx_word' id='word_1_192' title='bbox 142 2136 233 2204; x_wconf 89' lang='lat' dir='ltr'>prioris</span> <span class='ocrx_word' id='word_1_193' title='bbox 244 2137 302 2189; x_wconf 88' lang='lat' dir='ltr'>mnli</span> <span class='ocrx_word' id='word_1_194' title='bbox 311 2147 378 2191; x_wconf 85' lang='lat' dir='ltr'>metu</span> <span class='ocrx_word' id='word_1_195' title='bbox 386 2147 509 2190; x_wconf 79' lang='lat' dir='ltr'>oontootos</span> <span class='ocrx_word' id='word_1_196' title='bbox 519 2138 657 2204; x_wconf 71' lang='lat' dir='ltr'>oonlugisse</span> <span class='ocrx_word' id='word_1_197' title='bbox 667 2137 773 2202; x_wconf 86' lang='lat' dir='ltr'>eninros,</span> <span class='ocrx_word' id='word_1_198' title='bbox 784 2137 949 2206; x_wconf 86' lang='lat' dir='ltr'>repetitosqne</span> <span class='ocrx_word' id='word_1_199' title='bbox 960 2137 1037 2190; x_wconf 85' lang='lat' dir='ltr'>inisse</span> <span class='ocrx_word' id='word_1_200' title='bbox 1046 2138 1105 2192; x_wconf 82' lang='lat' dir='ltr'>istos</span> <span class='ocrx_word' id='word_1_201' title='bbox 1114 2141 1187 2206; x_wconf 89' lang='lat' dir='ltr'>ritus,</span> 
     </span>
     <span class='ocr_line' id='line_1_22' title="bbox 141 2222 1190 2292; baseline 0.006 -18"><span class='ocrx_word' id='word_1_202' title='bbox 141 2222 333 2292; x_wconf 81' lang='lat' dir='ltr'>quotieenrnqne</span> <span class='ocrx_word' id='word_1_203' title='bbox 345 2223 383 2276; x_wconf 81' lang='lat' dir='ltr'>rel</span> <span class='ocrx_word' id='word_1_204' title='bbox 399 2223 508 2291; x_wconf 82' lang='lat' dir='ltr'>ejsudem</span> <span class='ocrx_word' id='word_1_205' title='bbox 523 2225 561 2276; x_wconf 88' lang='lat' dir='ltr'>rel</span> <span class='ocrx_word' id='word_1_206' title='bbox 578 2223 668 2276; x_wconf 84' lang='lat' dir='ltr'>similis</span> <span class='ocrx_word' id='word_1_207' title='bbox 683 2223 742 2276; x_wconf 83' lang='lat' dir='ltr'>muli</span> <span class='ocrx_word' id='word_1_208' title='bbox 759 2223 833 2277; x_wconf 86' lang='lat' dir='ltr'>timor</span> <span class='ocrx_word' id='word_1_209' title='bbox 848 2224 983 2290; x_wconf 73' lang='lat' dir='ltr'>ingrueret.</span> <span class='ocrx_word' id='word_1_210' title='bbox 998 2223 1052 2277; x_wconf 87' lang='lat' dir='ltr'>Neo</span> <span class='ocrx_word' id='word_1_211' title='bbox 1062 2241 1118 2278; x_wconf 84' lang='lat' dir='ltr'>reso</span> <span class='ocrx_word' id='word_1_212' title='bbox 1127 2229 1190 2280; x_wconf 87' lang='lat' dir='ltr'>noni-</span> 
     </span>
     <span class='ocr_line' id='line_1_23' title="bbox 141 2307 1189 2378; baseline 0.006 -20"><span class='ocrx_word' id='word_1_213' title='bbox 141 2307 208 2359; x_wconf 88' lang='lat' dir='ltr'>disse</span> <span class='ocrx_word' id='word_1_214' title='bbox 217 2307 338 2361; x_wconf 77' lang='lat' dir='ltr'>credibile</span> <span class='ocrx_word' id='word_1_215' title='bbox 347 2318 395 2373; x_wconf 87' lang='lat' dir='ltr'>est,</span> <span class='ocrx_word' id='word_1_216' title='bbox 406 2318 435 2360; x_wconf 90' lang='lat' dir='ltr'>ut</span> <span class='ocrx_word' id='word_1_217' title='bbox 446 2325 514 2361; x_wconf 85' lang='lat' dir='ltr'>senre</span> <span class='ocrx_word' id='word_1_218' title='bbox 526 2308 572 2361; x_wconf 87' lang='lat' dir='ltr'>iste</span> <span class='ocrx_word' id='word_1_219' title='bbox 584 2309 639 2378; x_wconf 84' lang='lat' dir='ltr'>plus</span> <span class='ocrx_word' id='word_1_220' title='bbox 648 2308 724 2363; x_wconf 88' lang='lat' dir='ltr'>semel</span> <span class='ocrx_word' id='word_1_221' title='bbox 735 2325 811 2376; x_wconf 88' lang='lat' dir='ltr'>enno,</span> <span class='ocrx_word' id='word_1_222' title='bbox 821 2317 923 2375; x_wconf 72' lang='lat' dir='ltr'>urgente</span> <span class='ocrx_word' id='word_1_223' title='bbox 932 2309 1086 2374; x_wconf 75' lang='lat' dir='ltr'>nenessitate,</span> <span class='ocrx_word' id='word_1_224' title='bbox 1097 2311 1189 2364; x_wconf 78' lang='lat' dir='ltr'>instru-</span> 
     </span>
     <span class='ocr_line' id='line_1_24' title="bbox 142 2393 1190 2464; baseline 0.002 -18"><span class='ocrx_word' id='word_1_225' title='bbox 142 2403 261 2460; x_wconf 82' lang='lat' dir='ltr'>tersntur,</span> <span class='ocrx_word' id='word_1_226' title='bbox 271 2393 394 2448; x_wconf 84' lang='lat' dir='ltr'>interdum</span> <span class='ocrx_word' id='word_1_227' title='bbox 405 2411 450 2464; x_wconf 90' lang='lat' dir='ltr'>per</span> <span class='ocrx_word' id='word_1_228' title='bbox 460 2393 557 2461; x_wconf 70' lang='lat' dir='ltr'>longius</span> <span class='ocrx_word' id='word_1_229' title='bbox 569 2403 664 2463; x_wconf 87' lang='lat' dir='ltr'>tempus</span> <span class='ocrx_word' id='word_1_230' title='bbox 673 2393 906 2459; x_wconf 84' lang='lat' dir='ltr'>intermitterentur,</span> <span class='ocrx_word' id='word_1_231' title='bbox 913 2393 991 2446; x_wconf 84' lang='lat' dir='ltr'>donee</span> <span class='ocrx_word' id='word_1_232' title='bbox 999 2394 1097 2448; x_wconf 86' lang='lat' dir='ltr'>tendem</span> <span class='ocrx_word' id='word_1_233' title='bbox 1107 2395 1190 2448; x_wconf 91' lang='lat' dir='ltr'>immi-</span> 
     </span>
     <span class='ocr_line' id='line_1_25' title="bbox 141 2479 1189 2551; baseline 0.003 -19"><span class='ocrx_word' id='word_1_234' title='bbox 141 2481 225 2532; x_wconf 84' lang='lat' dir='ltr'>nentis</span> <span class='ocrx_word' id='word_1_235' title='bbox 240 2479 343 2549; x_wconf 84' lang='lat' dir='ltr'>elioujus</span> <span class='ocrx_word' id='word_1_236' title='bbox 358 2481 417 2534; x_wconf 82' lang='lat' dir='ltr'>meli</span> <span class='ocrx_word' id='word_1_237' title='bbox 431 2481 573 2550; x_wconf 74' lang='lat' dir='ltr'>magnitudo</span> <span class='ocrx_word' id='word_1_238' title='bbox 587 2482 682 2534; x_wconf 82' lang='lat' dir='ltr'>enimus</span> <span class='ocrx_word' id='word_1_239' title='bbox 692 2482 821 2534; x_wconf 83' lang='lat' dir='ltr'>homiuum</span> <span class='ocrx_word' id='word_1_240' title='bbox 835 2489 941 2541; x_wconf 81' lang='lat' dir='ltr'>teneret,</span> <span class='ocrx_word' id='word_1_241' title='bbox 952 2481 1189 2551; x_wconf 75' lang='lat' dir='ltr'>majorenqnelleo-</span> 
     </span>
     <span class='ocr_line' id='line_1_26' title="bbox 142 2569 1190 2642; baseline -0.002 -18"><span class='ocrx_word' id='word_1_242' title='bbox 142 2587 198 2624; x_wconf 84' lang='lat' dir='ltr'>rum</span> <span class='ocrx_word' id='word_1_243' title='bbox 209 2585 292 2624; x_wconf 76' lang='lat' dir='ltr'>nerem</span> <span class='ocrx_word' id='word_1_244' title='bbox 307 2571 435 2637; x_wconf 76' lang='lat' dir='ltr'>injiceret,</span> <span class='ocrx_word' id='word_1_245' title='bbox 452 2571 512 2624; x_wconf 86' lang='lat' dir='ltr'>eden</span> <span class='ocrx_word' id='word_1_246' title='bbox 526 2571 626 2640; x_wconf 85' lang='lat' dir='ltr'>quidem</span> <span class='ocrx_word' id='word_1_247' title='bbox 642 2578 669 2624; x_wconf 90' lang='lat' dir='ltr'>nt</span> <span class='ocrx_word' id='word_1_248' title='bbox 684 2571 730 2623; x_wconf 84' lang='lat' dir='ltr'>iste</span> <span class='ocrx_word' id='word_1_249' title='bbox 742 2571 817 2624; x_wconf 86' lang='lat' dir='ltr'>nertis</span> <span class='ocrx_word' id='word_1_250' title='bbox 832 2569 951 2638; x_wconf 84' lang='lat' dir='ltr'>temporis</span> <span class='ocrx_word' id='word_1_251' title='bbox 965 2569 1101 2622; x_wconf 74' lang='lat' dir='ltr'>intervallis</span> <span class='ocrx_word' id='word_1_252' title='bbox 1116 2587 1190 2642; x_wconf 86' lang='lat' dir='ltr'>repe-</span> 
     </span>
     <span class='ocr_line' id='line_1_27' title="bbox 142 2653 1188 2726; baseline 0 -16"><span class='ocrx_word' id='word_1_253' title='bbox 142 2657 216 2710; x_wconf 71' lang='lat' dir='ltr'>tenda</span> <span class='ocrx_word' id='word_1_254' title='bbox 229 2666 385 2712; x_wconf 73' lang='lat' dir='ltr'>murentur.</span> <span class='ocrx_word' id='word_1_255' title='bbox 398 2653 480 2725; x_wconf 75' lang='lat' dir='ltr'>Atque</span> <span class='ocrx_word' id='word_1_256' title='bbox 497 2658 531 2709; x_wconf 84' lang='lat' dir='ltr'>ite</span> <span class='ocrx_word' id='word_1_257' title='bbox 549 2658 647 2710; x_wconf 79' lang='lat' dir='ltr'>tandem</span> <span class='ocrx_word' id='word_1_258' title='bbox 666 2657 756 2710; x_wconf 83' lang='lat' dir='ltr'>lentum</span> <span class='ocrx_word' id='word_1_259' title='bbox 774 2673 828 2709; x_wconf 82' lang='lat' dir='ltr'>esse</span> <span class='ocrx_word' id='word_1_260' title='bbox 843 2657 960 2726; x_wconf 80' lang='lat' dir='ltr'>suspicor,</span> <span class='ocrx_word' id='word_1_261' title='bbox 970 2665 1075 2709; x_wconf 82' lang='lat' dir='ltr'>utseorn</span> <span class='ocrx_word' id='word_1_262' title='bbox 1085 2657 1188 2725; x_wconf 85' lang='lat' dir='ltr'>istu,ed</span> 
     </span>
     <span class='ocr_line' id='line_1_28' title="bbox 140 2737 1190 2810; baseline 0.002 -17"><span class='ocrx_word' id='word_1_263' title='bbox 140 2751 219 2794; x_wconf 79' lang='lat' dir='ltr'>uertes</span> <span class='ocrx_word' id='word_1_264' title='bbox 229 2741 357 2794; x_wconf 82' lang='lat' dir='ltr'>homiuum</span> <span class='ocrx_word' id='word_1_265' title='bbox 365 2737 446 2810; x_wconf 66' lang='grc' dir='ltr'>γυοὰς</span> <span class='ocrx_word' id='word_1_266' title='bbox 457 2739 573 2792; x_wconf 74' lang='lat' dir='ltr'>adstrinte</span> <span class='ocrx_word' id='word_1_267' title='bbox 581 2757 609 2792; x_wconf 87' lang='lat' dir='ltr'>sn</span> <span class='ocrx_word' id='word_1_268' title='bbox 617 2751 735 2806; x_wconf 75' lang='lat' dir='ltr'>moneto,</span> <span class='ocrx_word' id='word_1_269' title='bbox 745 2741 898 2792; x_wconf 72' lang='lat' dir='ltr'>secularium</span> <span class='ocrx_word' id='word_1_270' title='bbox 908 2741 966 2792; x_wconf 87' lang='lat' dir='ltr'>inde</span> <span class='ocrx_word' id='word_1_271' title='bbox 978 2741 1078 2795; x_wconf 89' lang='lat' dir='ltr'>nomine</span> <span class='ocrx_word' id='word_1_272' title='bbox 1086 2741 1190 2810; x_wconf 73' lang='lat' dir='ltr'>insigni-</span> 
     </span>
     <span class='ocr_line' id='line_1_29' title="bbox 142 2823 1187 2894; baseline 0.001 -15"><span class='ocrx_word' id='word_1_273' title='bbox 142 2835 237 2879; x_wconf 85' lang='lat' dir='ltr'>rentur.</span> <span class='ocrx_word' id='word_1_274' title='bbox 254 2825 315 2878; x_wconf 83' lang='lat' dir='ltr'>lleo</span> <span class='ocrx_word' id='word_1_275' title='bbox 329 2825 351 2876; x_wconf 92' lang='lat' dir='ltr'>si</span> <span class='ocrx_word' id='word_1_276' title='bbox 366 2824 450 2878; x_wconf 87' lang='lat' dir='ltr'>enimn</span> <span class='ocrx_word' id='word_1_277' title='bbox 464 2833 564 2890; x_wconf 81' lang='lat' dir='ltr'>tennes,</span> <span class='ocrx_word' id='word_1_278' title='bbox 577 2824 688 2890; x_wconf 73' lang='lat' dir='ltr'>judicatu</span> <span class='ocrx_word' id='word_1_279' title='bbox 696 2823 931 2890; x_wconf 80' lang='lat' dir='ltr'>heuddilinileest,</span> <span class='ocrx_word' id='word_1_280' title='bbox 941 2841 985 2878; x_wconf 90' lang='lat' dir='ltr'>our</span> <span class='ocrx_word' id='word_1_281' title='bbox 997 2825 1024 2878; x_wconf 93' lang='lat' dir='ltr'>in</span> <span class='ocrx_word' id='word_1_282' title='bbox 1036 2835 1187 2894; x_wconf 83' lang='lat' dir='ltr'>temponsm,</span> 
     </span>
     <span class='ocr_line' id='line_1_30' title="bbox 140 2908 1187 2984; baseline -0.002 -19"><span class='ocrx_word' id='word_1_283' title='bbox 140 2913 233 2984; x_wconf 79' lang='lat' dir='ltr'>quibus</span> <span class='ocrx_word' id='word_1_284' title='bbox 246 2911 330 2983; x_wconf 88' lang='lat' dir='ltr'>priore</span> <span class='ocrx_word' id='word_1_285' title='bbox 339 2926 407 2964; x_wconf 79' lang='lat' dir='ltr'>tetre</span> <span class='ocrx_word' id='word_1_286' title='bbox 417 2908 549 2963; x_wconf 66' lang='lat' dir='ltr'>nonlerie‘</span> <span class='ocrx_word' id='word_1_287' title='bbox 557 2919 654 2978; x_wconf 80' lang='lat' dir='ltr'>pereote</span> <span class='ocrx_word' id='word_1_288' title='bbox 666 2910 774 2979; x_wconf 86' lang='lat' dir='ltr'>luerint,</span> <span class='ocrx_word' id='word_1_289' title='bbox 784 2910 961 2965; x_wconf 85' lang='lat' dir='ltr'>eonstiteendis</span> <span class='ocrx_word' id='word_1_290' title='bbox 972 2911 1110 2964; x_wconf 69' lang='lat' dir='ltr'>udonibus</span> <span class='ocrx_word' id='word_1_291' title='bbox 1124 2915 1187 2964; x_wconf 82' lang='lat' dir='ltr'>eori-</span> 
     </span>
    </p>
   </div>
   <div class='ocr_carea' id='block_1_3' title="bbox 114 3055 1188 3215">
    <p class='ocr_par' dir='ltr' id='par_1_3' title="bbox 114 3055 1188 3215">
     <span class='ocr_line' id='line_1_31' title="bbox 114 3055 1188 3145; baseline 0.003 -18"><span class='ocrx_word' id='word_1_292' title='bbox 114 3055 649 3145; x_wconf 58' lang='lat' dir='ltr'>‘upmsmtmmuounnenep</span> <span class='ocrx_word' id='word_1_293' title='bbox 685 3081 1188 3145; x_wconf 56' lang='lat' dir='ltr'>mimatensem-enum.</span> 
     </span>
     <span class='ocr_line' id='line_1_32' title="bbox 141 3152 1187 3215; baseline 0 -15"><span class='ocrx_word' id='word_1_294' title='bbox 141 3153 328 3214; x_wconf 79' lang='lat' dir='ltr'>et&#39;s&#39;s,ideo,quod</span> <span class='ocrx_word' id='word_1_295' title='bbox 337 3167 390 3200; x_wconf 78' lang='lat' dir='ltr'>seeo</span> <span class='ocrx_word' id='word_1_296' title='bbox 400 3154 517 3200; x_wconf 69' lang='lat' dir='ltr'>ettam</span> <span class='ocrx_word' id='word_1_297' title='bbox 528 3163 548 3202; x_wconf 82' lang='lat' dir='ltr'>et</span> <span class='ocrx_word' id='word_1_298' title='bbox 558 3156 649 3200; x_wconf 85' lang='lat' dir='ltr'>ienneds&#39;·</span> <span class='ocrx_word' id='word_1_299' title='bbox 683 3155 874 3202; x_wconf 84' lang='lat' dir='ltr'>eemillustrerunt</span> <span class='ocrx_word' id='word_1_300' title='bbox 882 3155 1000 3215; x_wconf 75' lang='lat' dir='ltr'>Spenbem.</span> <span class='ocrx_word' id='word_1_301' title='bbox 1011 3152 1187 3210; x_wconf 77' lang='lat' dir='ltr'>del&#39;r.llnut.ll,</span> 
     </span>
    </p>
   </div>
   <div class='ocr_carea' id='block_1_4' title="bbox 141 3219 1278 3286">
    <p class='ocr_par' dir='ltr' id='par_1_4' title="bbox 141 3219 1278 3286">
     <span class='ocr_line' id='line_1_33' title="bbox 141 3219 1278 3286; baseline -0.002 -14"><span class='ocrx_word' id='word_1_302' title='bbox 141 3223 406 3286; x_wconf 53' lang='lat' dir='ltr'>temutfllresetreter.</span> <span class='ocrx_word' id='word_1_303' title='bbox 682 3241 704 3286; x_wconf 88' lang='lat' dir='ltr'>p.</span> <span class='ocrx_word' id='word_1_304' title='bbox 717 3228 759 3272; x_wconf 70' lang='lat'>¹23</span> <span class='ocrx_word' id='word_1_305' title='bbox 769 3241 816 3286; x_wconf 84' lang='lat' dir='ltr'>sqq.</span> <span class='ocrx_word' id='word_1_306' title='bbox 827 3226 938 3272; x_wconf 81' lang='lat' dir='ltr'>Turretiu.</span> <span class='ocrx_word' id='word_1_307' title='bbox 949 3223 1038 3277; x_wconf 91' lang='lat' dir='ltr'>l.l.lll,</span> <span class='ocrx_word' id='word_1_308' title='bbox 1048 3225 1186 3280; x_wconf 66' lang='lat' dir='ltr'>ettv31³toe</span> <span class='ocrx_word' id='word_1_309' title='bbox 1275 3219 1278 3228; x_wconf 74' lang='grc'>’</span> 
     </span>
    </p>
   </div>
   <div class='ocr_carea' id='block_1_5' title="bbox 141 3291 1187 4054">
    <p class='ocr_par' dir='ltr' id='par_1_5' title="bbox 141 3291 1187 4054">
     <span class='ocr_line' id='line_1_34' title="bbox 175 3291 1186 3357; baseline 0 -17"><span class='ocrx_word' id='word_1_310' title='bbox 175 3296 196 3342; x_wconf 76' lang='grc'>3.</span> <span class='ocrx_word' id='word_1_311' title='bbox 210 3297 254 3352; x_wconf 79' lang='lat' dir='ltr'>Qut</span> <span class='ocrx_word' id='word_1_312' title='bbox 264 3295 351 3357; x_wconf 84' lang='lat' dir='ltr'>plenius</span> <span class='ocrx_word' id='word_1_313' title='bbox 361 3311 408 3340; x_wconf 90' lang='lat' dir='ltr'>rem</span> <span class='ocrx_word' id='word_1_314' title='bbox 419 3309 551 3355; x_wconf 68' lang='lat' dir='ltr'>cognoscere</span> <span class='ocrx_word' id='word_1_315' title='bbox 560 3295 644 3350; x_wconf 80' lang='lat' dir='ltr'>solent,</span> <span class='ocrx_word' id='word_1_316' title='bbox 682 3295 710 3340; x_wconf 84' lang='lat' dir='ltr'>de</span> <span class='ocrx_word' id='word_1_317' title='bbox 725 3297 793 3340; x_wconf 85' lang='lat' dir='ltr'>Bruin</span> <span class='ocrx_word' id='word_1_318' title='bbox 810 3295 837 3339; x_wconf 84' lang='lat' dir='ltr'>de</span> <span class='ocrx_word' id='word_1_319' title='bbox 847 3293 975 3354; x_wconf 77' lang='lat' dir='ltr'>Euespelen</span> <span class='ocrx_word' id='word_1_320' title='bbox 985 3291 1024 3336; x_wconf 88' lang='lat' dir='ltr'>der</span> <span class='ocrx_word' id='word_1_321' title='bbox 1033 3291 1091 3336; x_wconf 82' lang='lat' dir='ltr'>oudo</span> <span class='ocrx_word' id='word_1_322' title='bbox 1102 3295 1186 3340; x_wconf 80' lang='lat' dir='ltr'>llomei·</span> 
     </span>
     <span class='ocr_line' id='line_1_35' title="bbox 142 3361 1184 3428; baseline -0.006 -18"><span class='ocrx_word' id='word_1_323' title='bbox 142 3363 234 3421; x_wconf 89' lang='lat' dir='ltr'>edeent,</span> <span class='ocrx_word' id='word_1_324' title='bbox 244 3378 324 3428; x_wconf 72' lang='lat' dir='ltr'>preter</span> <span class='ocrx_word' id='word_1_325' title='bbox 337 3365 417 3411; x_wconf 78' lang='lat' dir='ltr'>ledet.</span> <span class='ocrx_word' id='word_1_326' title='bbox 431 3365 468 3422; x_wconf 90' lang='lat' dir='ltr'>ll,</span> <span class='ocrx_word' id='word_1_327' title='bbox 485 3367 514 3420; x_wconf 75' lang='lat'>⁵,</span> <span class='ocrx_word' id='word_1_328' title='bbox 529 3375 552 3410; x_wconf 86' lang='lat' dir='ltr'>et</span> <span class='ocrx_word' id='word_1_329' title='bbox 565 3366 644 3424; x_wconf 67' lang='lat' dir='ltr'>Phleg.</span> <span class='ocrx_word' id='word_1_330' title='bbox 681 3380 732 3411; x_wconf 89' lang='lat' dir='ltr'>nen.</span> <span class='ocrx_word' id='word_1_331' title='bbox 745 3362 987 3424; x_wconf 69' lang='lat' dir='ltr'>deinumtsuperxll,</span> <span class='ocrx_word' id='word_1_332' title='bbox 995 3378 1055 3408; x_wconf 83' lang='lat' dir='ltr'>num.</span> <span class='ocrx_word' id='word_1_333' title='bbox 1066 3361 1184 3411; x_wconf 75' lang='lat' dir='ltr'>ludseeu.</span> 
     </span>
     <span class='ocr_line' id='line_1_36' title="bbox 142 3433 1187 3494; baseline -0.002 -12"><span class='ocrx_word' id='word_1_334' title='bbox 142 3435 210 3482; x_wconf 80' lang='lat' dir='ltr'>Trtll.</span> <span class='ocrx_word' id='word_1_335' title='bbox 227 3453 248 3483; x_wconf 84' lang='lat' dir='ltr'>e.</span> <span class='ocrx_word' id='word_1_336' title='bbox 267 3439 306 3494; x_wconf 68' lang='lat' dir='ltr'>li,</span> <span class='ocrx_word' id='word_1_337' title='bbox 322 3437 423 3482; x_wconf 82' lang='lat' dir='ltr'>Politieu.</span> <span class='ocrx_word' id='word_1_338' title='bbox 438 3437 501 3483; x_wconf 83' lang='lat' dir='ltr'>Ceut.</span> <span class='ocrx_word' id='word_1_339' title='bbox 516 3435 541 3490; x_wconf 87' lang='lat' dir='ltr'>l,</span> <span class='ocrx_word' id='word_1_340' title='bbox 558 3449 580 3482; x_wconf 82' lang='lat' dir='ltr'>e.</span> <span class='ocrx_word' id='word_1_341' title='bbox 598 3437 644 3492; x_wconf 60' lang='grc' dir='ltr'>ὅθι</span> <span class='ocrx_word' id='word_1_342' title='bbox 682 3435 771 3489; x_wconf 79' lang='lat' dir='ltr'>lenium,</span> <span class='ocrx_word' id='word_1_343' title='bbox 787 3435 846 3480; x_wconf 78' lang='lat' dir='ltr'>liris.</span> <span class='ocrx_word' id='word_1_344' title='bbox 863 3435 937 3490; x_wconf 68' lang='lat' dir='ltr'>rtet,</span> <span class='ocrx_word' id='word_1_345' title='bbox 953 3435 1042 3478; x_wconf 76' lang='lat' dir='ltr'>Gener.</span> <span class='ocrx_word' id='word_1_346' title='bbox 1055 3433 1187 3494; x_wconf 83' lang='lat' dir='ltr'>deopinetis</span> 
     </span>
     <span class='ocr_line' id='line_1_37' title="bbox 141 3503 1185 3566; baseline -0.005 -13"><span class='ocrx_word' id='word_1_347' title='bbox 141 3507 203 3553; x_wconf 73' lang='lat' dir='ltr'>Alex.</span> <span class='ocrx_word' id='word_1_348' title='bbox 218 3509 245 3553; x_wconf 68' lang='grc' dir='ltr'>ιδ</span> <span class='ocrx_word' id='word_1_349' title='bbox 257 3508 382 3554; x_wconf 76' lang='grc' dir='ltr'>ΑΙιιιιιΙιο</span> <span class='ocrx_word' id='word_1_350' title='bbox 395 3509 450 3554; x_wconf 89' lang='lat' dir='ltr'>Gen.</span> <span class='ocrx_word' id='word_1_351' title='bbox 464 3509 493 3554; x_wconf 85' lang='lat' dir='ltr'>D.</span> <span class='ocrx_word' id='word_1_352' title='bbox 504 3509 529 3553; x_wconf 79' lang='lat' dir='ltr'>t.</span> <span class='ocrx_word' id='word_1_353' title='bbox 544 3509 574 3554; x_wconf 73' lang='lat'>26</span> <span class='ocrx_word' id='word_1_354' title='bbox 581 3539 589 3562; x_wconf 94' lang='lat'>,</span> <span class='ocrx_word' id='word_1_355' title='bbox 601 3509 645 3562; x_wconf 83' lang='lat' dir='ltr'>vt,</span> <span class='ocrx_word' id='word_1_356' title='bbox 682 3505 816 3551; x_wconf 78' lang='lat' dir='ltr'>tenelerinm</span> <span class='ocrx_word' id='word_1_357' title='bbox 827 3503 939 3550; x_wconf 78' lang='lat' dir='ltr'>induetis</span> <span class='ocrx_word' id='word_1_358' title='bbox 953 3505 976 3549; x_wconf 91' lang='lat' dir='ltr'>in</span> <span class='ocrx_word' id='word_1_359' title='bbox 984 3505 1055 3549; x_wconf 86' lang='lat' dir='ltr'>numis</span> <span class='ocrx_word' id='word_1_360' title='bbox 1061 3506 1123 3549; x_wconf 77' lang='lat' dir='ltr'>Rom.</span> <span class='ocrx_word' id='word_1_361' title='bbox 1133 3521 1185 3566; x_wconf 66' lang='lat' dir='ltr'>gen·</span> 
     </span>
     <span class='ocr_line' id='line_1_38' title="bbox 143 3573 900 3638; baseline 0 -17"><span class='ocrx_word' id='word_1_362' title='bbox 143 3579 186 3634; x_wconf 70' lang='lat'>193</span> <span class='ocrx_word' id='word_1_363' title='bbox 197 3577 300 3638; x_wconf 79' lang='lat' dir='ltr'>onuphr.</span> <span class='ocrx_word' id='word_1_364' title='bbox 310 3577 401 3622; x_wconf 82' lang='lat' dir='ltr'>Peneiu.</span> <span class='ocrx_word' id='word_1_365' title='bbox 414 3577 442 3622; x_wconf 83' lang='lat' dir='ltr'>de</span> <span class='ocrx_word' id='word_1_366' title='bbox 452 3577 519 3624; x_wconf 70' lang='lat' dir='ltr'>Ludis</span> <span class='ocrx_word' id='word_1_367' title='bbox 529 3576 603 3622; x_wconf 66' lang='lat' dir='ltr'>sunl.</span> <span class='ocrx_word' id='word_1_368' title='bbox 614 3573 646 3638; x_wconf 84' lang='lat' dir='ltr'>(itt</span> <span class='ocrx_word' id='word_1_369' title='bbox 681 3577 742 3622; x_wconf 81' lang='lat' dir='ltr'>tium.</span> <span class='ocrx_word' id='word_1_370' title='bbox 754 3579 813 3624; x_wconf 76' lang='lat'><strong>17⁴⁵</strong></span> <span class='ocrx_word' id='word_1_371' title='bbox 826 3586 848 3620; x_wconf 88' lang='lat' dir='ltr'>et</span> <span class='ocrx_word' id='word_1_372' title='bbox 857 3575 900 3622; x_wconf 84' lang='lat' dir='ltr'>elii.</span> 
     </span>
     <span class='ocr_line' id='line_1_39' title="bbox 142 3645 1186 3710; baseline 0.001 -17"><span class='ocrx_word' id='word_1_373' title='bbox 142 3648 220 3694; x_wconf 75' lang='lat' dir='ltr'>crevit</span> <span class='ocrx_word' id='word_1_374' title='bbox 234 3647 300 3694; x_wconf 71' lang='lat' dir='ltr'>’litet-</span> <span class='ocrx_word' id='word_1_375' title='bbox 317 3649 368 3691; x_wconf 72' lang='lat' dir='ltr'>Ant.</span> <span class='ocrx_word' id='word_1_376' title='bbox 384 3646 431 3703; x_wconf 73' lang='lat' dir='ltr'>lx,</span> <span class='ocrx_word' id='word_1_377' title='bbox 447 3665 470 3710; x_wconf 88' lang='lat' dir='ltr'>p.</span> <span class='ocrx_word' id='word_1_378' title='bbox 490 3645 579 3710; x_wconf 64' lang='grc' dir='ltr'><strong>1067)ς</strong></span> <span class='ocrx_word' id='word_1_379' title='bbox 594 3649 645 3694; x_wconf 85' lang='lat' dir='ltr'>l’et.</span> <span class='ocrx_word' id='word_1_380' title='bbox 712 3653 734 3691; x_wconf 80' lang='grc'>4.</span> <span class='ocrx_word' id='word_1_381' title='bbox 748 3647 782 3692; x_wconf 70' lang='lat' dir='ltr'>(li.</span> <span class='ocrx_word' id='word_1_382' title='bbox 794 3647 874 3694; x_wconf 74' lang='lat' dir='ltr'>zosim.</span> <span class='ocrx_word' id='word_1_383' title='bbox 889 3647 925 3704; x_wconf 88' lang='lat' dir='ltr'>tt,</span> <span class='ocrx_word' id='word_1_384' title='bbox 941 3649 986 3694; x_wconf 77' lang='lat' dir='ltr'>init</span> <span class='ocrx_word' id='word_1_385' title='bbox 997 3645 1071 3694; x_wconf 73' lang='lat' dir='ltr'>veter.</span> <span class='ocrx_word' id='word_1_386' title='bbox 1086 3649 1186 3706; x_wconf 75' lang='lat' dir='ltr'>lienll,</span> 
     </span>
     <span class='ocr_line' id='line_1_40' title="bbox 142 3715 1185 3780; baseline 0.004 -17"><span class='ocrx_word' id='word_1_387' title='bbox 142 3719 224 3763; x_wconf 79' lang='lat' dir='ltr'>Tessin.</span> <span class='ocrx_word' id='word_1_388' title='bbox 242 3715 270 3761; x_wconf 89' lang='lat' dir='ltr'>de</span> <span class='ocrx_word' id='word_1_389' title='bbox 284 3726 385 3761; x_wconf 75' lang='grc' dir='ltr'>ιιιιηιιι</span> <span class='ocrx_word' id='word_1_390' title='bbox 394 3717 542 3764; x_wconf 67' lang='lat' dir='ltr'>domnorum</span> <span class='ocrx_word' id='word_1_391' title='bbox 552 3731 610 3762; x_wconf 88' lang='lat' dir='ltr'>enno</span> <span class='ocrx_word' id='word_1_392' title='bbox 623 3727 646 3761; x_wconf 89' lang='lat' dir='ltr'>et</span> <span class='ocrx_word' id='word_1_393' title='bbox 683 3719 746 3774; x_wconf 70' lang='lat' dir='ltr'>l,5;</span> <span class='ocrx_word' id='word_1_394' title='bbox 756 3719 827 3763; x_wconf 78' lang='lat' dir='ltr'>Verre</span> <span class='ocrx_word' id='word_1_395' title='bbox 842 3719 901 3780; x_wconf 88' lang='lat' dir='ltr'>epnd</span> <span class='ocrx_word' id='word_1_396' title='bbox 915 3720 1028 3765; x_wconf 68' lang='lat' dir='ltr'>&amp;monim</span> <span class='ocrx_word' id='word_1_397' title='bbox 1043 3715 1058 3765; x_wconf 89' lang='lat' dir='ltr'>l.</span> <span class='ocrx_word' id='word_1_398' title='bbox 1072 3719 1087 3764; x_wconf 93' lang='lat' dir='ltr'>l.</span> <span class='ocrx_word' id='word_1_399' title='bbox 1098 3731 1120 3765; x_wconf 87' lang='lat' dir='ltr'>et</span> <span class='ocrx_word' id='word_1_400' title='bbox 1129 3721 1185 3767; x_wconf 73' lang='lat' dir='ltr'>leet.</span> 
     </span>
     <span class='ocr_line' id='line_1_41' title="bbox 142 3785 1029 3851; baseline -0.001 -16"><span class='ocrx_word' id='word_1_401' title='bbox 142 3788 200 3835; x_wconf 82' lang='lat' dir='ltr'>ludis</span> <span class='ocrx_word' id='word_1_402' title='bbox 211 3785 286 3833; x_wconf 65' lang='lat' dir='ltr'>sunl.</span> <span class='ocrx_word' id='word_1_403' title='bbox 303 3785 379 3848; x_wconf 73' lang='lat' dir='ltr'>(tuus.</span> <span class='ocrx_word' id='word_1_404' title='bbox 391 3791 440 3832; x_wconf 73' lang='lat' dir='ltr'>Ant.</span> <span class='ocrx_word' id='word_1_405' title='bbox 449 3789 510 3844; x_wconf 85' lang='lat' dir='ltr'>vttt,</span> <span class='ocrx_word' id='word_1_406' title='bbox 524 3787 594 3850; x_wconf 71' lang='lat' dir='ltr'>mii</span> <span class='ocrx_word' id='word_1_407' title='bbox 607 3787 644 3834; x_wconf 84' lang='lat' dir='ltr'>to.</span> <span class='ocrx_word' id='word_1_408' title='bbox 682 3789 780 3850; x_wconf 83' lang='lat' dir='ltr'>Pompei.</span> <span class='ocrx_word' id='word_1_409' title='bbox 791 3789 849 3850; x_wconf 86' lang='lat' dir='ltr'>epud</span> <span class='ocrx_word' id='word_1_410' title='bbox 859 3791 997 3836; x_wconf 72' lang='lat' dir='ltr'>Fulullrsin</span> <span class='ocrx_word' id='word_1_411' title='bbox 1006 3806 1029 3851; x_wconf 92' lang='lat' dir='ltr'>p.</span> 
     </span>
     <span class='ocr_line' id='line_1_42' title="bbox 143 3849 1186 3923; baseline 0 -19"><span class='ocrx_word' id='word_1_412' title='bbox 143 3859 209 3920; x_wconf 73' lang='lat' dir='ltr'>ttptn</span> <span class='ocrx_word' id='word_1_413' title='bbox 217 3859 330 3904; x_wconf 81' lang='lat' dir='ltr'>Turretin.</span> <span class='ocrx_word' id='word_1_414' title='bbox 338 3855 429 3902; x_wconf 86' lang='lat' dir='ltr'>deludis</span> <span class='ocrx_word' id='word_1_415' title='bbox 436 3859 508 3904; x_wconf 63' lang='lat' dir='ltr'>sunl.</span> <span class='ocrx_word' id='word_1_416' title='bbox 517 3859 647 3916; x_wconf 70' lang='lat' dir='ltr'>Gesntlot,</span> <span class='ocrx_word' id='word_1_417' title='bbox 715 3861 737 3903; x_wconf 78' lang='lat' dir='ltr'>t.</span> <span class='ocrx_word' id='word_1_418' title='bbox 755 3859 841 3904; x_wconf 81' lang='lat' dir='ltr'>Diserte</span> <span class='ocrx_word' id='word_1_419' title='bbox 855 3860 936 3906; x_wconf 77' lang='lat' dir='ltr'>Zotinr.</span> <span class='ocrx_word' id='word_1_420' title='bbox 950 3859 964 3908; x_wconf 96' lang='grc' dir='ltr'>Ι.</span> <span class='ocrx_word' id='word_1_421' title='bbox 981 3860 997 3908; x_wconf 92' lang='lat' dir='ltr'>l.</span> <span class='ocrx_word' id='word_1_422' title='bbox 1007 3853 1109 3906; x_wconf 70' lang='grc' dir='ltr'>σνπὼῖ</span> <span class='ocrx_word' id='word_1_423' title='bbox 1119 3849 1149 3904; x_wconf 75' lang='lat' dir='ltr'>dl</span> <span class='ocrx_word' id='word_1_424' title='bbox 1161 3855 1186 3923; x_wconf 80' lang='grc' dir='ltr'>(ἡ</span> 
     </span>
     <span class='ocr_line' id='line_1_43' title="bbox 143 3919 1187 3996; baseline 0.005 -24"><span class='ocrx_word' id='word_1_425' title='bbox 143 3929 198 3974; x_wconf 79' lang='lat' dir='ltr'>Chr.</span> <span class='ocrx_word' id='word_1_426' title='bbox 211 3929 249 3974; x_wconf 78' lang='lat' dir='ltr'>rr.</span> <span class='ocrx_word' id='word_1_427' title='bbox 264 3930 376 3990; x_wconf 73' lang='lat' dir='ltr'>lyrmnn</span> <span class='ocrx_word' id='word_1_428' title='bbox 389 3925 484 3972; x_wconf 85' lang='lat' dir='ltr'>deludis</span> <span class='ocrx_word' id='word_1_429' title='bbox 497 3931 559 3974; x_wconf 81' lang='lat' dir='ltr'>llorn.</span> <span class='ocrx_word' id='word_1_430' title='bbox 573 3926 646 3974; x_wconf 83' lang='lat' dir='ltr'>seenl.</span> <span class='ocrx_word' id='word_1_431' title='bbox 685 3919 770 3990; x_wconf 70' lang='grc' dir='ltr'>ἱορτή)</span> <span class='ocrx_word' id='word_1_432' title='bbox 789 3922 848 3992; x_wconf 74' lang='grc' dir='ltr'>πρὸς</span> <span class='ocrx_word' id='word_1_433' title='bbox 865 3928 967 3994; x_wconf 73' lang='grc' dir='ltr'>λοιμῶν,</span> <span class='ocrx_word' id='word_1_434' title='bbox 978 3923 1019 3976; x_wconf 78' lang='lat' dir='ltr'>eei</span> <span class='ocrx_word' id='word_1_435' title='bbox 1033 3927 1133 3996; x_wconf 57' lang='grc' dir='ltr'>φορῶν,</span> <span class='ocrx_word' id='word_1_436' title='bbox 1145 3924 1187 3977; x_wconf 77' lang='grc' dir='ltr'>καὶ</span> 
     </span>
     <span class='ocr_line' id='line_1_44' title="bbox 143 3991 867 4054; baseline 0.001 -10"><span class='ocrx_word' id='word_1_437' title='bbox 143 3999 237 4046; x_wconf 71' lang='lat' dir='ltr'>Vitemlt.</span> <span class='ocrx_word' id='word_1_438' title='bbox 252 4001 321 4054; x_wconf 87' lang='grc'><strong>1717,</strong></span> <span class='ocrx_word' id='word_1_439' title='bbox 333 4009 355 4045; x_wconf 85' lang='lat' dir='ltr'>et</span> <span class='ocrx_word' id='word_1_440' title='bbox 366 3999 404 4044; x_wconf 81' lang='lat' dir='ltr'>lo.</span> <span class='ocrx_word' id='word_1_441' title='bbox 421 3999 450 4045; x_wconf 79' lang='grc' dir='ltr'>Ι.</span> <span class='ocrx_word' id='word_1_442' title='bbox 461 3997 551 4044; x_wconf 74' lang='lat' dir='ltr'>Gener.</span> <span class='ocrx_word' id='word_1_443' title='bbox 569 3999 596 4045; x_wconf 88' lang='lat' dir='ltr'>de</span> <span class='ocrx_word' id='word_1_444' title='bbox 610 4013 647 4044; x_wconf 87' lang='lat' dir='ltr'>eu·</span> <span class='ocrx_word' id='word_1_445' title='bbox 684 3991 758 4044; x_wconf 60' lang='lat' dir='ltr'>*dotet</span> <span class='ocrx_word' id='word_1_446' title='bbox 770 3991 867 4052; x_wconf 62' lang='grc' dir='ltr'>Μωις,</span> 
     </span>
    </p>
   </div>
   <div class='ocr_carea' id='block_1_6' title="bbox 0 0 1455 4558">
    <p class='ocr_par' dir='ltr' id='par_1_6' title="bbox 0 0 1455 4558">
     <span class='ocr_line' id='line_1_45' title="bbox 0 0 1455 4558; baseline 0 0"><span class='ocrx_word' id='word_1_447' title='bbox 0 0 1455 4558; x_wconf 95' lang='lat' dir='ltr'> </span> 
     </span>
    </p>
   </div>
  </div>
 </body>
</html>
