2894 4558
391 371 538 440 EPOD.
563 370 655 438 LIB.
681 369 832 438 CARM.
858 370 980 438 xvll.

259 513 325 582 Per
338 524 437 604 atque
451 506 556 578 libros
569 509 757 578 carminum
771 504 952 578 valentium

261 627 377 701 Refixa
392 626 471 699 eaelo
487 625 652 698 devocare
667 625 796 716 sidera,

261 744 421 837 Canidia,
435 769 535 841 parce
548 745 685 816 vocibus
699 743 836 816 tandem
850 745 971 833 sacris,

261 866 439 960 Citumque
452 880 544 936 retro
557 863 665 954 eolre,
680 864 771 936 solve
787 864 966 935 turbinem.

263 985 372 1056 Movit
385 1000 543 1080 nepotem
554 984 721 1080 Telephus
735 983 915 1072 Necdum,

260 1106 301 1174 ln
315 1129 413 1199 quem
429 1105 590 1198 superbus
605 1103 780 1175 ordinarat
793 1105 929 1201 agmina

262 1225 453 1318 Mysorum,
467 1237 501 1293 et
513 1225 549 1292 in
563 1247 663 1318 quem
677 1222 743 1294 tela
755 1214 856 1294 acuta'
865 1237 1018 1293 torserat.
1179 1241 1214 1278 ¹⁰

263 1343 400 1412 Unxere
413 1357 536 1413 matres
549 1340 619 1413 lliae
635 1341 808 1414 addictum
824 1342 904 1414 feris

166 1555 260 1612 sterh.
271 1557 302 1610 P.
315 1567 384 1612 sss:
399 1559 546 1614 «laustinus
562 1576 634 1614 error
648 1570 674 1614 et
708 1577 755 1630 per
770 1561 827 1614 licia
845 1558 947 1614 remissa
964 1565 990 1612 et
1006 1557 1115 1612 revoluta
1132 1555 1216 1610 sosii

168 1640 282 1694 iracunda
293 1641 372 1695 Diana
384 1663 397 1692 o
409 1644 436 1696 h.
450 1661 475 1696 e.
488 1644 674 1699 iumraDiana
709 1647 800 1714 magica
821 1644 930 1699 solvebat
950 1653 975 1698 et
997 1643 1127 1696 liberabat.
1150 1639 1216 1693 ilinc

167 1722 283 1775 iracunda
292 1725 369 1776 menti
377 1725 489 1793 injectus.
498 1727 671 1791 Em—lc'bms,
710 1748 724 1777 α
742 1739 809 1782 retm
827 1746 926 1782 carmen
946 1743 1017 1794 agere
1036 1749 1049 1776 n
1071 1727 1136 1778 dixit
1153 1723 1213 1776 vat.

167 1806 285 1860 formulas
295 1809 398 1875 magicas
409 1809 611 1862 continentes-
622 1811 672 1863 lle-
708 1813 789 1868 Flace
800 1814 832 1881 I,
845 1825 893 1866 tta
906 1829 975 1882 seqq.
989 1831 1002 1859 u
1014 1811 1115 1879 Jamjam
1126 1825 1216 1862 exora·

160 1889 243 1962 fixa,
256 1893 381 1960 detracta,
392 1893 429 1945 ris
443 1893 485 1946 illa
497 1911 546 1963 qua
561 1895 641 1948 sidera
659 1913 674 1948 e
708 1897 835 1950 bilenuu
845 1895 954 1948 Catanen
963 1913 1054 1966 agens:
1063 1894 1217 1964 nequeenim

168 1973 225 2026 celo
231 1973 339 2026 detracta
349 1975 376 2027 in
386 1983 476 2028 terram
486 1977 673 2044 devorabantur,
709 1987 767 2031 ante
776 1979 841 2031 leves
852 1979 922 2045 niger
929 1979 1014 2031 avehit
1025 1978 1124 2030 umbras
1133 1976 1216 2029 Porti-

170 2053 236 2108 iuter
245 2057 366 2126 precipua
377 2059 475 2125 magice
485 2059 546 2112 artis
558 2059 675 2112 miranda
713 2072 751 2115 tor
763 2073 788 2115 et
798 2063 895 2114 abactae
907 2061 976 2131 (hac
991 2061 1058 2112 enim
1078 2061 1150 2112 unice
1160 2075 1217 2110 vera

169 2139 332 2192 referebatur.
354 2139 427 2208 Virg.
447 2141 501 2194 Ed.
520 2141 603 2210 VIII,
623 2151 673 2196 et:
711 2155 749 2199 est
759 2145 841 2214 lectio,
849 2160 923 2214 quam
934 2163 980 2214 pro
991 2143 1074 2212 inepta
1085 2159 1090 2190 :
1103 2153 1216 2200 cunctoe,

172 2221 312 2292 «Carmina
321 2223 361 2275 rel
375 2221 434 2278 calo
445 2237 547 2294 possunt
557 2227 677 2280 deducens
712 2229 775 2283 mira
794 2230 923 2297 sagacitate
937 2227 1042 2280 Valerio
1060 2227 1146 2278 Flacco
1167 2242 1218 2276 res·

169 2306 252 2359 lunam
264 2328 277 2357 a
289 2307 398 2361 etNost.
409 2327 478 2379 supr.
489 2309 568 2380 Epod.
576 2309 612 2379 V,
625 2322 673 2366 tt:
713 2313 782 2366 tituit
799 2309 903 2382 Jacobs)
923 2311 1011 2382 primia
1026 2319 1093 2362 stant
1108 2307 1220 2360 lancibus

172 2391 326 2462 «lunamque
338 2394 397 2448 celo
411 2395 514 2464 deripit.
530 2417 544 2446 a
555 2425 591 2438 -
602 2393 678 2449 Non·
713 2394 782 2450 Orci.
795 2413 809 2444 n

171 2473 331 2545 nnllidefixa
340 2476 388 2544 legi
397 2479 493 2544 rolant,
504 2481 530 2532 h.
540 2497 563 2532 e.
572 2480 611 2533 rel
620 2479 678 2533 celo
750 2491 776 2534 a.
787 2478 867 2532 Movit
875 2488 1052 2549 nepotem‚eto.
1060 2475 1220 2529 Faceteludit

171 2552 297 2620 ammiel
306 2560 494 2614 incantamentis
503 2561 678 2630 obligata3illa
712 2561 862 2628 Canidiam,
880 2562 939 2614 dum
957 2577 1028 2628 eam,
1047 2571 1075 2613 ut
1092 2561 1220 2612 mulierem

171 2648 252 2691 autem
263 2643 410 2707 emendatio,
422 2657 526 2716 utroque
536 2663 620 2711 sensu,
629 2663 677 2700 non
713 2646 911 2714 abjectissimam,
922 2663 978 2698 cum
993 2643 1166 2697 illustrissimis
1178 2659 1220 2695 an·

171 2723 235 2777 bene
253 2724 284 2777 ad
302 2741 355 2778 rem
373 2730 451 2781 venit.
464 2729 513 2780 Eu.
524 2731 679 2782 -voes'hua
714 2729 836 2798 tiquitatis
848 2728 965 2781 bemibus
980 2725 1221 2796 componit—Te-

172 2810 268 2868 sucris,
281 2808 394 2862 formulis
408 2812 446 2864 rel
464 2815 614 2866 carminibus
626 2831 680 2866 ma·
715 2809 819 2880 ispius,
835 2827 878 2862 rex
890 2809 1033 2880 Mysorum,
1048 2829 1124 2880 quum
1138 2819 1222 2864 contra

172 2889 241 2956 sicis.
249 2917 283 2930 -
296 2890 433 2964 citatusque
444 2905 509 2945 nuo
520 2895 603 2954 solve,
614 2897 681 2948 solve
715 2891 832 2954 Achivos,
840 2893 870 2943 ad
879 2893 991 2959 ejusoras
999 2895 1123 2963 appulsos,
1131 2895 1225 2947 exemi-

138 2973 145 2984 '
172 2972 240 3023 wad.
252 2984 278 3026 et
289 2975 336 3037 lac,
347 2985 376 3026 ut
387 2976 453 3043 licio,
463 2977 554 3046 quihus
567 2995 632 3030 nnnc
642 2993 682 3031 mo
717 2981 768 3024 tum
775 2974 1073 3042 duxissetetvulneratus
1079 2976 1110 3028 ab
1116 2975 1222 3040 Achille,

172 3054 244 3124 ligas,
253 3058 406 3111 resolvantur
412 3077 420 3124 ;
431 3069 497 3112 retro
506 3077 549 3127 age
556 3061 681 3115 turbinem
716 3067 742 3111 et
748 3059 856 3126 ejusdem
866 3077 924 3112 eura
932 3077 946 3112 a
954 3059 1055 3112 vulnere
1064 3071 1164 3112 sanatus
1171 3077 1224 3114 esse

173 3139 224 3194 sire
233 3144 364 3196 rhombum
376 3143 505 3212 mapsam,
516 3145 544 3195 h.
557 3159 580 3195 e.
594 3143 619 3196 vi
630 3161 681 3196 ma·
715 3143 823 3207 dicitur3
843 3143 894 3198 rid.
915 3143 1005 3214 Hygia.
1020 3145 1082 3197 Fab.
1097 3143 1142 3198 ct.
1159 3145 1224 3199 Hinc

173 3227 241 3294 gius,
260 3243 309 3298 qua
329 3245 395 3280 nunc
413 3229 523 3292 vincior,
544 3243 583 3280 me
604 3229 679 3282 solve.
716 3227 791 3281 Ouid.
811 3229 889 3282 Trist.
903 3227 937 3292 V,
955 3241 969 3280 a
979 3267 987 3296 ,
1006 3239 1057 3282 te:
1073 3229 1225 3298 «Telephus

174 3310 425 3380 *Frequentissime
437 3311 461 3362 in
474 3310 681 3365 incantationibus
716 3321 807 3364 aterna
823 3321 964 3365 consumtus
982 3313 1037 3364 tabe
1055 3317 1176 3380 perisset,
1195 3313 1223 3366 Si

174 3392 339 3448 adhibebatur
351 3397 424 3450 turbo
432 3397 470 3448 rel
482 3395 680 3464 rhombnslgall.
717 3413 766 3448 non
776 3434 785 3462 ,
809 3413 864 3466 que
888 3395 990 3461 nocuit,
1014 3393 1101 3447 dextra
1130 3397 1227 3450 tulisset

175 3479 275 3548 toaps'e)
285 3499 335 3550 qno
351 3483 421 3535 vittis
438 3481 547 3535 involuto
563 3491 588 3534 et
603 3481 682 3535 celer·
716 3477 985 3548 opem.sCi.Propert.
995 3476 1226 3548 II‚t,ett:«lilysus

177 3559 239 3612 rime
251 3579 294 3628 per
310 3562 357 3616 lori
372 3567 474 3617 uerbera
487 3564 593 3631 agitato,
605 3579 682 3632 quos·
718 3572 744 3616 et
755 3563 882 3616 Haemonia
894 3562 992 3630 juvenis
1001 3578 1050 3631 qua
1061 3563 1161 3631 cuspide
1170 3563 1226 3614 rul-

177 3643 233 3696 dam
244 3655 326 3698 motus
334 3655 360 3698 et
371 3650 527 3716 agitationem
539 3648 682 3700 bominibus
719 3665 767 3700 nus
779 3658 897 3714 senserat,
909 3647 961 3698 Hac
975 3647 1027 3716 ipsa
1038 3649 1138 3716 cuspide
1150 3649 1228 3700 sensit

178 3727 247 3796 injici
258 3747 399 3798 persuasum
412 3735 539 3788 habebant
548 3735 622 3801 magi.
632 3733 680 3785 En.
717 3747 798 3800 opem.
811 3751 869 3779 n-
878 3742 991 3801 nepotem
1001 3729 1133 3790 Nerulum,
1146 3742 1226 3784 mater

178 3813 682 3888 -Scilicetutcitissimeagitatus(cibas)
718 3815 784 3868 enim
796 3814 1224 3883 Achillis,'l'hetis,Nereililiafuit.

178 3897 216 3949 vel
227 3907 320 3951 rotatus
331 3900 449 3954 rhombus
459 3921 504 3972 per
514 3903 569 3958 licia
582 3913 684 3956 attracta
720 3929 754 3939 -
770 3897 874 3952 Usum
896 3912 987 3952 malm
1001 3897 1154 3960 adduam,
1177 3911 1224 3955 etc.

179 3991 205 4034 et
218 3983 331 4037 advoluta
343 3986 477 4040 incantatos
486 3989 511 4040 ri
522 3989 613 4057 magica
624 3989 685 4056 liga·
720 3983 957 4056 Achilles,quamvia
966 3983 1078 4038 Hectoris
1086 4001 1174 4054 corpus
1182 3987 1226 4040 ali·

180 4064 224 4120 bat
238 4076 264 4122 et
279 4067 419 4137 vinciebat,
431 4071 466 4125 ita
478 4065 541 4126 idern
553 4082 686 4128 retroactus
722 4070 789 4124 tibus
801 4079 826 4123 et
839 4069 941 4124 canibus
952 4069 1228 4140 emmerentianae,
