2994 4558
491 301 586 368 nse.
612 299 678 387 ιν,
704 299 854 368 cunm.
880 299 961 366 xv.
1180 293 1250 380 463

349 439 403 510 Ne
420 460 524 532 parva
538 436 749 532 Tyrrhenum
766 459 828 531 per
844 459 958 529 sequor

397 551 482 624 Vela
500 551 627 624 darem.
642 555 731 642 Tua,
747 551 873 640 Caesnr,
889 565 966 620 estes

207 748 237 789 ut
253 755 321 806 supr.
341 737 390 800 IV,
406 747 432 800 t,
445 749 461 790 4
474 755 480 787 :
495 757 509 786 e
521 736 606 789 Verbn
616 737 715 790 chordis
748 736 825 805 lyrein
846 734 971 802 tetigisse,
993 739 1065 802 etque
1085 743 1136 786 tum
1155 733 1253 786 demunt

206 819 320 872 sociande
337 819 421 890 loqui;
436 841 450 870 r
469 830 496 872 et
505 819 576 883 xlt,
591 827 625 871 t:
642 819 713 871 «lti-
748 820 859 871 nmtione
870 813 1084 871 commonefaciam
1096 827 1200 886 poetam.
1219 847 1254 858 -

207 911 298 954 cunt...
311 904 419 956 earmina
427 904 516 958 fistule.
528 925 541 954 u
552 903 620 956 Duru
630 912 712 958 temen
748 899 1255 971 llsncexplicntionsmeonlirmtlmnloeo

207 986 259 1062 luen
271 987 293 1038 si
302 988 460 1057 quidjudioo,
470 998 617 1058 propterque
628 987 711 1038 ambi·
748 985 834 1038 Ovidii
852 984 885 1038 A.
905 982 939 1037 A.
960 984 1004 1054 ΙΙ,
1017 995 1069 1037 teo
1084 1000 1090 1031 ι
1111 983 1198 1036 «linc
1213 999 1257 1050 ego

206 1067 323 1136 guiutein
339 1073 427 1126 vitiose
443 1073 573 1126 verborum
591 1071 710 1138 trajectio.
748 1088 824 1141 quum
848 1087 981 1136 canerem,
1007 1069 1091 1122 subito
1115 1069 1258 1122 manifestus

207 1154 311 1210 Prestnt
321 1158 397 1224 igitur
406 1157 484 1210 multo
496 1157 641 1226 simplicior,
651 1174 712 1210 eon-
750 1155 839 1224 Apollo
849 1155 931 1207 Movit
940 1156 1058 1207 innuretes
1067 1152 1156 1222 pollice
1167 1154 1207 1206 lile
1220 1154 1258 1223 ly-

207 1243 304 1298 cinnior
314 1243 422 1313 itemque
432 1241 526 1294 doctior
534 1241 659 1310 junctura,
671 1241 714 1291 ris·
752 1257 818 1292 ree...
834 1239 860 1290 ls
871 1237 946 1302 mihi,
956 1237 1052 1305 lascivi,
1064 1238 1139 1304 dixit,
1151 1253 1259 1306 proeoep·

208 1328 310 1398 crepuit
321 1327 394 1393 lym
406 1327 472 1396 quod
482 1326 570 1378 lluser.
588 1335 613 1378 et
624 1323 713 1377 Sansd.
752 1333 791 1377 tor
802 1323 906 1392 emeris,
919 1343 933 1372 s
950 1333 996 1376 ete.
1015 1332 1041 1374 et
1057 1321 1107 1374 illis
1123 1319 1258 1386 Tibullus,

208 1411 240 1461 de
258 1409 310 1478 lyre
321 1407 424 1462 lloretio
440 1407 544 1476 inspecte
565 1408 713 1474 intelligunt.
752 1405 804 1471 ΙΙΙ,
818 1419 845 1472 t,
859 1419 902 1472 ³9,
913 1409 945 1459 de
953 1406 1070 1476 Apolline
1084 1427 1089 1457 :
1104 1405 1196 1460 «Hune
1205 1405 1260 1474 pri·

209 1492 262 1545 11oe
269 1499 351 1544 sutem
363 1491 536 1544 admonitionis
546 1505 622 1558 genus
631 1505 717 1558 perum
753 1507 819 1544 mum
826 1491 928 1543 veniens
937 1491 1030 1559 plectro
1039 1491 1177 1544 modulatus
1187 1493 1261 1544 ebur·

209 1577 283 1643 hujus
294 1573 411 1628 esrminis
422 1575 563 1641 gravitatem
577 1589 604 1625 se
614 1574 722 1640 dignito*
756 1593 799 1642 no,
812 1575 907 1628 Felices
916 1585 1002 1627 centus
1014 1593 1057 1628 ore
1068 1584 1170 1628 sonante
1181 1575 1260 1628 dedit.

211 1671 260 1712 t
266 1660 352 1712 decere
359 1659 466 1710 ridetur.
474 1657 611 1710 En.-Me
620 1659 720 1728 quidem
755 1657 804 1710 Sed
814 1668 942 1728 postquam
952 1657 1052 1710 luerunt
1060 1659 1132 1726 digiti
1142 1675 1196 1711 eum
1205 1677 1263 1712 νοω

212 1761 260 1797 non
277 1743 380 1814 poenltet
398 1759 481 1794 eornm
502 1743 630 1796 sententio
649 1759 718 1805 esse,
755 1740 845 1802 locuti,
861 1740 941 1791 edidit
956 1739 1084 1792 haeedulci
1097 1741 1262 1794 tristinrerbs
1370 1793 1376 1805 ,

211 1831 255 1900 qui
264 1827 404 1897 Apollinem
415 1841 469 1878 enm
484 1831 556 1896 χοροῦ
572 1821 718 1895 διδασκάλῳ
755 1823 843 1876 modo:
858 1841 871 1870 u
890 1833 915 1874 et
930 1818 1055 1890 Apollinis
1070 1825 1148 1878 oretio
1164 1827 1266 1892 suinci·

214 1917 380 1978 onmpnretnm
394 1921 447 1960 esse
460 1909 611 1961 existiment.
625 1906 720 1974 Quem·
758 1915 807 1957 tur.
822 1903 869 1956 llis
885 1905 1005 1974 exemplis
1023 1905 1168 1958 illustratum
1180 1909 1263 1978 erpli.

213 1991 342 2044 admodum
349 1993 415 2043 enim
427 1993 499 2060 χόρου
510 1986 659 2046 διδάσκαλος
665 1989 721 2040 cho·
756 1991 876 2044 cntionem
892 1991 975 2057 priore
992 1990 1167 2059 simpliciorem
1180 1993 1264 2045 liben-

214 2089 367 2144 mm,qnesn
384 2075 415 2126 nd
430 2074 508 2143 lyrein
522 2070 721 2139 moderetur,sel
758 2071 1267 2146 tinsndmittnm.En.-NeparvaTyr=
1320 2127 1325 2148 ‚

213 2171 311 2214 eentum
328 2159 436 2228 aliquem
454 2173 582 2226 perperam
597 2155 720 2224 inclpien-
758 2155 866 2209 menum
882 2173 932 2228 per
942 2173 1035 2228 equor
1045 2157 1111 2210 Vela
1121 2157 1221 2221 domm,
1235 2179 1267 2214 ne

214 2257 274 2310 tem,
287 2245 446 2297 relerentes
456 2242 534 2294 modis
544 2241 720 2304 aberrantem,
757 2257 812 2294 eum
832 2256 921 2310 peren,
939 2257 988 2312 que
1007 2255 1050 2308 ego
1069 2252 1161 2310 uterer,
1180 2243 1267 2314 eymbs

213 2329 323 2396 grauiore
334 2327 439 2398 quodem
450 2325 509 2396 lyra
520 2342 580 2378 sono
595 2325 720 2394 increpat,
758 2323 808 2377 olto
821 2325 885 2376 meri
897 2339 937 2375 me
948 2325 1140 2389 committerem,
1153 2325 1180 2377 ln.
1193 2345 1216 2379 e.
1235 2345 1267 2380 ne

215 2423 241 2463 et
251 2413 286 2466 sie
299 2411 389 2465 rectius
399 2413 422 2464 ei
433 2409 569 2463 canendum
578 2423 631 2462 esse
642 2403 721 2474 signi-
757 2405 845 2472 tenui,
856 2405 922 2476 quod
934 2405 998 2458 milri
1011 2418 1088 2471 esset,
1106 2407 1206 2475 ingenio
1219 2425 1266 2462 nu-

216 2496 286 2561 fleut3
298 2498 333 2548 ite
348 2495 436 2565 Apollo
449 2493 594 2560 llorntium,
604 2493 649 2565 qut
659 2492 723 2546 male
757 2491 842 2542 dacter
850 2499 985 2552 tentonem,
998 2505 1053 2558 qun
1070 2505 1156 2558 magna
1171 2501 1266 2546 tantum

217 2592 322 2640 carmen,
333 2579 374 2630 cul
386 2579 466 2646 imper
477 2587 551 2644 esset,
561 2591 649 2629 canere
661 2573 722 2627 inel-
759 2581 854 2624 tentare
862 2581 964 2642 possem
972 2573 1070 2639 ingenie
1078 2593 1085 2642 ς
1094 2575 1159 2626 sire:
1173 2593 1204 2628 ne
1213 2587 1268 2630 ten·

218 2671 297 2728 peret,
308 2659 417 2727 graviore
425 2662 528 2729 quodum
540 2659 599 2729 lyrae
611 2675 671 2713 sono
681 2659 723 2711 ln·
760 2665 845 2718 terem,
856 2655 896 2709 mi
907 2657 988 2725 impar
997 2671 1091 2716 essem,
1102 2675 1201 2713 osrmen
1212 2661 1268 2732 epi·

218 2743 358 2810 crepuisse,
377 2751 402 2793 et
419 2741 455 2792 sle
474 2757 489 2792 s
512 2744 643 2795 temerario
663 2758 724 2794 eusn
759 2756 825 2794 enm.
838 2741 924 2808 Magni
935 2741 1028 2795 seilicet
1039 2754 1131 2812 poetes,
1143 2746 1187 2815 qui
1201 2747 1228 2798 in
1243 2763 1270 2800 re

219 2841 342 2879 rerooesse
353 2825 461 2891 lingitur.
478 2825 560 2876 Multo
576 2825 651 2890 igitur
666 2841 725 2876 sns-
760 2823 826 2889 grnsi
837 2831 862 2874 et
871 2823 952 2894 ampla
961 2837 1100 2886 versentur,
1109 2829 1134 2879 in
1146 2829 1196 2882 alto
1206 2833 1268 2882 meri

220 2907 435 2978 sloreetApollini
444 2907 660 2960 ennomrnodntlore
669 2908 726 2960 ims—
761 2904 890 2969 navigare,
900 2903 966 2968 sive,
978 2917 1006 2958 nt
1019 2906 1113 2978 virgil.
1125 2909 1217 2982 Georg.
1230 2911 1269 2978 ll,

218 2991 276 3060 gine
293 2991 415 3060 expressit
430 2987 563 3051 Horatius,
574 2989 638 3057 quod
652 2989 679 3040 in
700 3003 726 3040 re
763 2999 807 3048 tt,
825 2990 873 3055 sit,
895 3007 908 3037 e
920 2991 973 3042 vele
983 2995 1078 3060 petenti
1091 2993 1175 3062 pelago
1185 2997 1244 3050 dnre
1255 3020 1268 3048 s

220 3073 347 3128 simillime
358 3073 424 3142 epnd
436 3071 529 3139 Virgil.
540 3071 620 3138 Eulog.
637 3071 687 3133 vt,
699 3083 725 3136 e,
763 3072 903 3140 linguntur3
914 3083 940 3126 nt
952 3075 992 3136 lis',
1000 3077 1044 3143 qui
1058 3091 1099 3126 res
1107 3085 1192 3129 tennes
1205 3088 1269 3134 trun-

219 3161 250 3213 de
262 3159 395 3230 Apolllne:
406 3159 601 3215 vellemannes,
614 3141 724 3208 diditur:
764 3165 831 3218 tunt,
847 3159 933 3225 cymba
942 3165 1056 3223 mnium,
1069 3158 1135 3210 heud
1146 3161 1197 3214 alto
1208 3165 1270 3218 mari

223 3244 332 3312 eanrn
353 3257 466 3296 oenerem
490 3257 557 3308 reges
579 3251 605 3293 et
624 3241 726 3309 prelia,
762 3239 1270 3314 committendn,tribuitur.Propertlll,

220 3327 437 3399 Cynthiussnrem
446 3325 535 3392 Vellit,
547 3335 572 3378 et
582 3325 727 3378 sdrnonnitt
767 3331 796 3386 t,
812 3331 827 3376 tt
839 3339 846 3373 ι
859 3341 872 3371 s
884 3323 956 3390 Quod
970 3339 1009 3375 nne
1018 3323 1143 3378 scribendi
1155 3338 1203 3380 tarn
1214 3347 1271 3383 res·

221 3421 357 3480 putorem,
378 3409 482 3481 Tityre,
506 3411 608 3480 pingues
628 3409 732 3462 Pusesre
766 3413 818 3460 lnm
830 3408 911 3460 mitti!
925 3407 953 3459 in
966 3407 1133 3478 equorttton
1149 3424 1273 3484 suntnpte

221 3505 318 3564 npnrtet
336 3513 408 3564 ores,
426 3493 558 3549 deductum
578 3493 661 3548 dicere
676 3509 732 3546 ens*
765 3495 826 3545 nn'eoe
837 3491 1000 3561 grendlsreln
1011 3491 1068 3546 reti.
1082 3515 1095 3544 υ
1107 3493 1273 3554 Orid.'l'rist.

224 3579 438 3633 menn-ctorem
445 3589 527 3632 eutem
536 3579 562 3631 in
572 3577 618 3632 hoe
627 3578 731 3630 leeoex·
766 3578 803 3642 ΙΙ,
818 3589 868 3632 sss
882 3595 888 3628 ι
903 3597 917 3625 s
928 3575 987 3629 Non
1003 3577 1059 3631 ideo
1069 3577 1143 3630 debet
1153 3581 1237 3649 peluso
1248 3599 1275 3635 se

224 3661 337 3730 pliesndo
346 3665 466 3716 rationem
477 3663 535 3716 iniit
545 3663 586 3716 cl.
594 3661 732 3714 Mitsclren·
767 3663 877 3724 eredere,
886 3661 908 3713 si
917 3677 964 3732 qus
972 3659 1055 3713 Audet
1063 3661 1089 3714 in
1097 3663 1183 3730 exigno
1190 3665 1275 3720 ludere

226 3743 328 3797 beleus.
341 3746 441 3798 lsenim
452 3749 590 3814 lingendum
601 3749 734 3800 nobisesse
769 3747 854 3815 cymba
870 3746 962 3800 leon.»
981 3775 1017 3786 -
1033 3744 1208 3813 Tyndoenusm
1230 3767 1277 3820 pro

227 3837 357 3890 sntumnt,
378 3827 537 3898 Apollinem,
562 3832 646 3886 andito
665 3832 734 3900 qnasi
772 3831 834 3882 meri
845 3831 931 3900 qsroris
943 3829 1071 3882 immenso.

227 3922 306 3981 poete
314 3923 388 3966 centn
400 3913 496 3977 bellico,
510 3915 592 3969 subito
603 3927 681 3985 poete
693 3915 736 3968 ad·
808 3922 834 3963 t.
857 3909 928 3973 Tua,
944 3911 1042 3972 Cesar,
1056 3925 1132 3974 setas,
1151 3925 1197 3967 eto.
1219 3915 1275 3970 ob.

226 3993 331 4062 stitisse,
341 3995 540 4068 nndientiamqnn
554 3999 603 4052 sibi
616 4001 737 4053 lecturum
772 4013 841 4050 serre
859 4006 937 4065 poeta
953 4005 1048 4064 ertem,
1063 4011 1111 4067 qun
1123 3995 1236 4053 lectorem
1249 4001 1276 4054 in
