2834 4546
451 340 544 406 LIB.
569 341 602 428 1,
629 339 778 410 CARM.
807 344 910 410 VIII.

354 477 424 543 Cur
436 497 545 568 neque
557 473 710 544 militaris

150 598 249 664 Inter
261 589 409 686 aequaies
421 593 563 686 equitat;
576 591 705 664 Gallica
718 620 780 666 uec
795 595 914 691 lupatis

351 715 531 806 Temperat
543 738 602 782 ora
616 713 739 785 frenis?

153 833 224 899 Cur
236 832 336 900 timet
348 829 471 900 flavum
483 831 633 901 Tiberim
645 837 805 929 tangere?
819 863 878 906 cur
890 837 1015 910 olivum

353 951 521 1044 Sanguine
537 952 700 1048 viperino=

155 1069 296 1138 Cautius
310 1068 419 1138 vitat?
435 1093 541 1162 neque
552 1070 623 1164 jam
635 1066 737 1140 livida
749 1089 856 1166 gestat
868 1078 969 1146 armis
1175 1102 1209 1138 10

357 1184 517 1274 Brachia,
532 1209 619 1279 saepe
631 1185 739 1276 disco,

155 1309 249 1400 Saepc
265 1322 363 1374 trans
375 1301 477 1372 finem
488 1301 598 1410 jaculo
612 1303 733 1374 nobilis
747 1307 923 1401 expedito?

356 1419 449 1509 Quid
463 1418 559 1510 latet,
572 1437 609 1492 ut
622 1423 760 1492 marinae

156 1618 283 1681 solemnio,
294 1627 321 1668 et
334 1633 390 1670 raro
400 1619 668 1684 agebatur-Gallica
703 1639 783 1675 eninr
793 1627 934 1695 veperibus.
949 1657 984 1666 -
994 1627 1113 1682 Iriu‘cIo-
1122 1631 1208 1690 armai,

156 1719 211 1760 orn,
229 1703 256 1752 h.
274 1719 300 1753 e.
320 1721 347 1754 oo
364 1702 538 1771 eqniGaIIici3
558 1705 587 1754 ad
604 1705 668 1772 opti·
704 1707 729 1758 h.
758 1727 780 1760 e.
800 1709 875 1762 iirore
899 1723 979 1764 notata
1005 1732 1036 1765 ex
1065 1731 1209 1776 armenam,

159 1802 210 1835 anos
226 1802 316 1854 nempe
334 1785 507 1837 referebantur
521 1803 536 1837 a
551 1786 667 1838 Romania
701 1791 762 1842 disci
774 1802 799 1844 et
810 1794 886 1862 iaculi
896 1833 902 1858 ,
914 1797 1029 1864 pondere.
1043 1797 1116 1867 Soepe
1125 1798 1209 1860 disco,

159 1869 224 1940 equi
236 1869 336 1918 Gallici
347 1869 389 1932 (cI.
405 1867 487 1919 Tacit.
501 1864 568 1919 dnn.
581 1869 668 1934 11,o),
705 1893 773 1945 saepe
789 1889 861 1928 unns
864 1877 963 1948 finem,
980 1891 1026 1932 etc.
1039 1883 1098 1933 ordo
1107 1892 1159 1932 est:
1171 1882 1214 1934 iile

160 1953 203 2002 ced
216 1955 247 2005 ob
263 1953 386 2020 insignem
398 1969 483 2004 eorum
499 1953 611 2004 ferociam
623 1953 669 2005 do-
705 1959 748 2026 qui
758 1969 829 2010 antea
840 1961 929 2012 nobiIis
939 1962 1069 2022 erardum,
1080 1973 1124 2012 ant
1133 1963 1213 2028 jaculo

161 2037 224 2088 mari
240 2039 365 2090 debebant
386 2036 464 2088 irenis
483 2037 590 2106 hepatia,
603 2039 630 2089 h.
645 2054 667 2090 e.
705 2057 769 2108 sape
787 2050 852 2092 trane
870 2044 943 2092 Iiuem
963 2043 1090 2108 expedito,
1105 2061 1149 2094 cur
1163 2064 1213 2097 non

162 2121 246 2173 Iera-eis
258 2123 362 2186 nuileio,
376 2123 420 2191 qui
432 2121 491 2192 lupi
502 2121 585 2188 (λύκοι)
601 2123 670 2174 dioe-
701 2123 752 2190 jam
764 2134 850 2190 gestat,
863 2133 907 2176 etc.
925 2153 960 2162 -
972 2124 1050 2184 disco,
1066 2125 1154 2177 ducos
1167 2129 1215 2181 fuit

160 2205 255 2268 bantur,
268 2205 408 2257 instructis.
706 2223 783 2256 massa
803 2205 916 2274 plumbea
937 2207 974 2258 rel
995 2207 1091 2273 ferrea,
1113 2210 1138 2261 in
1153 2211 1215 2264 disci
1245 2258 1250 2268 ,

196 2303 220 2342 8.
237 2290 436 2358 curomstav.
448 2289 505 2341 Tib.
518 2303 588 2360 rung.
600 2308 670 2358 egre-
706 2289 811 2358 speciem
828 2289 954 2340 rotundam
970 2291 1127 2355 conformata,
1140 2310 1212 2362 quam

160 2376 232 2441 giead
241 2375 344 2444 Sybaris
351 2374 479 2426 mollitiem
489 2377 616 2427 notandam
626 2395 670 2444 pm
703 2372 805 2438 juvenes
817 2371 842 2423 in
856 2374 1070 2426 exercitationibus
1078 2377 1213 2444 gymnasti-

159 2460 267 2526 eulgnri:
281 2479 327 2511 cur
336 2477 385 2510 non
397 2460 496 2510 natatin
507 2459 671 2512 TiberI?Hoe
706 2457 754 2520 cis,
771 2457 861 2507 virium
875 2467 923 2508 tarn
937 2457 1126 2509 exercendarum
1138 2476 1212 2528 quam

161 2545 209 2596 tuit
219 2545 245 2595 in
254 2545 367 2596 moribus
378 2543 544 2594 Romanorum
556 2553 598 2604 ut,
618 2553 671 2610 post
706 2539 868 2604 augendarum
880 2557 965 2604 causa,
978 2541 1006 2592 ad
1019 2553 1110 2593 certam
1123 2553 1212 2595 metam

162 2631 241 2697 oempi
248 2629 336 2680 Martii
344 2627 538 2689 exercitationes,
552 2627 578 2677 in
590 2625 670 2678 Tibe·
706 2622 879 2688 projiciebam
899 2622 1028 2692 descripsit
1047 2625 1112 2676 hunc
1127 2626 1212 2678 ludum

164 2715 214 2764 rim
226 2715 442 2774 autumnitanus,
459 2729 485 2763 oe
498 2713 667 2762 immitterent.
707 2705 778 2757 flom-
791 2706 879 2774 odyn.
892 2706 970 2771 VIII,
985 2719 1032 2760 tta
1044 2727 1112 2782 seqq.

162 2795 478 2848 Paritcrdemoliihomine
489 2795 669 2856 Lucan.VlII,
746 2802 786 2841 19.
807 2789 948 2858 Expedite,
967 2795 1133 2858 sIgniflcanter
1150 2815 1211 2866 pro:

162 2891 215 2932 574
238 2899 244 2929 :
267 2899 280 2924 a
296 2878 353 2930 Non
373 2880 459 2946 trangit
476 2869 557 2930 nando
571 2879 671 2929 violenti
708 2875 791 2936 misso,
803 2874 907 2940 projecto
915 2891 923 2937 ;
937 2876 1000 2926 inest
1014 2877 1079 2928 enim
1092 2883 1124 2948 τῷ
1135 2895 1213 2950 erpe-

159 2965 259 3019 rorticis
269 2965 368 3016 undam.
380 2985 393 3011 ι»
401 2961 483 3032 Atque
493 2963 534 3014 hic
542 2971 598 3014 nota
610 2963 636 3013 h.
646 2979 668 3012 v.
708 2953 836 3008 dd0n01i0
853 2955 986 3023 facilium,
999 2977 1046 3030 qua
1059 2961 1158 3030 Sybaris
1170 2964 1214 3015 di-

162 3045 672 3118 ungerequomajorosteuditurcoiliqne-
709 3057 773 3092 scum
787 3051 812 3092 et
823 3042 930 3108 jaculum
946 3053 1012 3096 trans
1029 3055 1118 3098 metam
1136 3049 1213 3116 proji-

162 3135 216 3185 Iaeti
233 3131 404 3200 voluptatibus
420 3129 518 3196 juvenis
540 3125 670 3190 moiIitiea,
707 3143 761 3177 cere
772 3125 889 3177 valuerat.

160 3233 233 3284 quum
249 3233 300 3268 non
318 3213 397 3266 solum
409 3229 458 3264 uon
473 3222 573 3274 natare,
586 3211 627 3263 sed
641 3230 672 3264 ne
748 3223 788 3263 ta.
801 3210 929 3277 Quidlnte
939 3227 1054 3272 ‚neman
1063 3225 1108 3266 etc.
1117 3233 1212 3267 sensus.

162 3301 327 3369 pedequidem
334 3297 672 3367 aquarntnngereaudeat.-
708 3293 774 3360 Quid
793 3295 852 3346 latet
868 3295 967 3364 Sybaris
984 3297 1047 3364 apud
1067 3307 1103 3359 te,
1121 3299 1213 3366 Lydia,

161 3385 320 3443 carniacum,
333 3395 381 3435 eto.
393 3401 438 3434 cur
448 3399 463 3433 a
475 3381 585 3450 palestre
597 3381 673 3446 magio
709 3379 780 3430 sicuti
796 3379 911 3430 Thetidis
924 3379 1011 3443 filium,
1022 3375 1155 3442 Achillem,
1168 3380 1215 3430 sub

161 3485 228 3536 quarn
239 3487 358 3522 ueneno
370 3466 560 3538 praesentissimo
570 3465 617 3517 sibi
631 3481 673 3516 ca·
711 3461 801 3513 funesti
821 3461 880 3512 belii
897 3461 1001 3528 'I'rojani
1024 3460 1096 3511 initio
1116 3461 1216 3513 latuisse

163 3552 311 3604 reundum
317 3570 365 3621 pro
370 3549 672 3622 palestra,quiaiuctaturi
709 3556 819 3607 narrant,
830 3545 946 3596 muliebri
957 3546 1048 3612 quippe
1062 3553 1128 3592 reste
1140 3543 1215 3595 indu-

164 3635 197 3686 ibi
211 3648 277 3688 artus
293 3655 353 3689 enoc
370 3635 442 3698 olco,
461 3650 494 3684 ne
513 3631 582 3682 facile
595 3633 671 3681 teneri
710 3639 771 3692 tum,
784 3647 814 3680 ne
826 3629 893 3680 virili
911 3629 979 3680 cuitu
1001 3625 1109 3694 proditus
1121 3627 1151 3678 ad
1168 3645 1217 3679 cn-

163 3734 256 3787 poesent
265 3723 297 3774 ab
309 3719 466 3782 adversario,
481 3718 597 3781 inungere
607 3715 672 3766 eolc-
709 3714 766 3764 dem
779 3723 864 3764 contre
882 3711 1002 3779 Trojanoe
1016 3709 1133 3779 proficisci
1145 3727 1217 3776 coge-

163 3805 229 3869 bant,
242 3807 316 3874 unde,
332 3803 423 3858 audaci
440 3800 608 3870 expressione,
621 3797 672 3849 Ca·
708 3795 1217 3864 retur.-—Nimirumqunmsata‚exqui-

164 3887 216 3938 tuli.
226 3889 290 3958 «Ego
297 3885 425 3960 gymnasii
438 3884 475 3935 tui
486 3883 541 3942 ilos,
551 3897 594 3946 ego
601 3881 672 3931 decus
709 3882 917 3932 basconotitntnna
927 3880 985 3941 init,
995 3875 1147 3939 utAcbillcs,
1158 3880 1178 3929 si
1192 3880 1218 3932 in

160 3972 215 4024 olei.
228 3995 241 4022 a
256 3975 377 4046 Sanguis
392 3967 543 4040 viperinus,
555 3981 673 4016 vencnum
709 3965 801 4015 beilum
816 3965 951 4030 Trojanunn
965 3963 1166 4033 proficisceretur,
1180 3965 1216 4019 ibi

158 4059 362 4124 ‘mmmm’
380 4067 412 4107 „1
426 4053 490 4105 intr.
509 4049 588 4117 Epod.
606 4061 631 4112 ³,
647 4060 673 4108 o,
710 4047 818 4115 periret,
838 4047 903 4096 hand
920 4045 1031 4096 fallerent
1047 4043 1100 4110 ejus
1113 4055 1215 4098 matrem

225 4171 283 4207 ιω.
305 4173 324 4205 1.
1051 4129 1071 4204 5
