2994 4558
240 339 311 422 440
520 327 999 417 Q.rrunsr11rsscc1

237 473 293 559 Et,
308 495 380 563 quae
393 491 482 536 stunc
494 465 642 536 humeris
655 463 850 554 insolitam,
862 463 1049 536 deciderint
1062 491 1182 555 comae,

149 641 156 650 -
238 590 337 662 Nunc
352 603 398 678 et,
411 587 469 681 qui
482 584 574 656 color
589 600 638 654 est
651 584 799 681 puniceae
811 583 894 654 ilore
909 587 1001 680 prior
1015 611 1116 673 roste,

238 714 387 782 Mutatus
401 706 601 802 Ligurinum
616 705 651 773 in
667 703 785 774 faciem
799 703 937 773 verterit
949 701 1161 796 hispidam·
1267 698 1285 756 ⁵

237 830 353 917 Dices,
369 825 453 898 heu!
470 826 598 920 quoties
612 838 645 894 te
659 825 693 893 in
708 821 842 918 speculo
855 821 978 892 videris
991 821 1147 912 alterum,
1201 911 1209 928 „

239 947 323 1036 Quae
338 971 432 1015 mens
446 960 494 1015 est
509 941 628 1032 hodie,
642 966 703 1012 cur
717 940 835 1012 eadem
849 966 918 1012 non
932 965 1037 1036 puero
1051 939 1135 1012 fuit?

238 1063 302 1133 vel
315 1090 375 1134 cur
387 1063 441 1133 his
455 1061 574 1132 animis
588 1057 770 1130 incolumes
781 1084 850 1130 non
862 1057 1004 1165 redeunt
1018 1059 1132 1154 gente?

237 1306 375 1357 dissensere
391 1303 416 1354 in
435 1301 462 1352 h.
478 1300 497 1352 l.
518 1303 597 1368 intpp.
615 1299 743 1352 Bentleius
778 1287 879 1366 iunge:
900 1309 927 1352 et
943 1309 1049 1354 mutatus
1063 1299 1142 1364 color,
1159 1299 1204 1368 qui
1218 1314 1285 1351 nuno

237 1405 270 1440 sn.
289 1403 334 1453 pro
349 1385 441 1456 pluma
458 1381 586 1450 legendum
605 1399 658 1436 esse
674 1392 745 1452 putat
778 1394 817 1436 est
828 1385 1170 1453 priorumtemporum,
1181 1382 1284 1449 Liguri·

238 1471 341 1528 braama,
358 1470 385 1519 lt.
400 1483 424 1520 e.
434 1467 521 1520 ultima
533 1468 590 1518 vius
603 1475 743 1536 tempestas,
780 1472 839 1520 num
851 1467 953 1519 verterit
966 1467 992 1518 in
1008 1465 1094 1518 faeiem
1104 1463 1225 1535 hispidam
1235 1484 1242 1532 ς
1254 1465 1282 1516 Ιι.

237 1561 356 1604 senectus.
367 1549 401 1601 Ut
411 1549 473 1602 nihil
482 1551 561 1602 diosna
571 1551 602 1602 de
612 1549 654 1602 illa
661 1559 744 1604 eontra
780 1569 803 1604 e.
815 1561 841 1605 et
849 1567 978 1619 purpureae
990 1560 1038 1601 tuas
1047 1565 1113 1616 gene
1126 1549 1184 1617 pilis
1193 1547 1285 1600 obduo·

237 1633 347 1686 omnium
367 1633 441 1684 MSS.
464 1633 536 1684 iidem
557 1633 744 1700 emendatione,
781 1643 811 1685 te
823 1641 849 1684 et
861 1633 984 1686 deformes
998 1632 1066 1686 lacte
1078 1632 1180 1684 ruerus.
1193 1659 1222 1670 —
1238 1630 1285 1681 Li-

238 1716 328 1768 errarit
344 1717 446 1768 omnino
461 1716 501 1768 sir
512 1715 681 1779 doctissimus,
699 1715 743 1786 qul
777 1716 903 1784 garritum
921 1733 980 1784 pro,
997 1725 1040 1768 te:
1058 1716 1165 1767 suaviter
1180 1731 1283 1781 nomen,

240 1802 372 1853 arbitratus
385 1809 422 1852 est
436 1817 484 1852 non
493 1809 551 1852 ante
560 1810 708 1852 senectutem
719 1810 744 1851 et
779 1801 844 1871 qnod
856 1811 906 1853 turn
919 1803 945 1854 in
956 1818 1000 1855 ore
1010 1801 1119 1854 omnium
1131 1809 1195 1860 erat,
1203 1801 1282 1866 ponit.

240 1894 404 1936 canescentem
412 1883 512 1936 barbam
518 1883 637 1935 amasium
644 1883 676 1934 ab
682 1899 745 1934 ams-
776 1883 816 1928 Ι’--
833 1887 910 1946 color,
929 1887 1084 1938 notissimum
1096 1895 1135 1936 ost
1148 1884 1208 1935 illud
1219 1883 1285 1934 Vir-

239 1969 333 2020 toribus
344 1967 468 2036 relinqui,
482 1968 541 2020 dum
551 1977 635 2040 eontra
648 1967 700 2034 jam
718 1967 744 2018 in
780 1970 833 2038 gilii
853 1969 949 2039 (Eolog.
967 1970 1010 2032 11,
1030 1968 1096 2038 iti:
1118 1967 1164 2020 «0
1181 1968 1286 2020 formose

238 2051 305 2102 virili
314 2049 517 2102 aeutehominem
526 2067 611 2103 omnen
620 2049 745 2103 illecebras
781 2069 850 2122 puer,
863 2053 968 2105 nimium
982 2070 1014 2104 ne
1025 2053 1095 2106 crede
1107 2051 1203 2114 οοὶοής
1219 2051 1284 2104 Allan

240 2133 435 2203 adpellieientlos
444 2144 564 2185 amatores
573 2131 745 2202 amisissequi-
780 2135 880 2202 ligustra
891 2135 989 2201 eadunt,
998 2135 1106 2187 moninio
1116 2135 1183 2200 nigra
1197 2133 1285 2201 legun·

239 2205 276 2270 ris
291 2219 388 2284 rideat,
407 2227 432 2269 et
447 2232 521 2285 supra
537 2215 610 2268 dietis
625 2231 746 2284 supraque
781 2231 831 2272 tur.
846 2239 860 2269 s
877 2247 914 2260 ·—
929 2217 1070 2290 lu‘sps'dam5
1088 2218 1131 2271 alii
1152 2219 1237 2270 volunt
1255 2218 1286 2271 sd

240 2303 320 2356 allatis
336 2300 455 2368 exemplis
465 2308 559 2352 oonstet
569 2298 610 2350 ris
620 2315 648 2350 ae
663 2316 694 2350 ne
705 2299 747 2350 rix
781 2303 913 2356 senectutis
933 2319 1004 2369 mgas
1024 2302 1129 2369 referri3
1151 2301 1286 2370 simplicius

239 2387 339 2458 quidem
357 2386 433 2437 ullum
450 2385 557 2450 amasio,
574 2383 654 2452 prima
670 2383 747 2435 barba
781 2395 863 2438 antem
869 2383 968 2436 ridetur
976 2384 1113 2438 sububam
1123 2384 1286 2447 referendum,

240 2479 373 2530 crescente,
392 2477 524 2520 amatorem
543 2484 679 2534 superesse.
694 2467 746 2518 Da·
782 2477 809 2520 et
817 2485 839 2518 ι.
853 2479 868 2520 2
882 2484 978 2519 senatun
994 2470 1129 2536 nonlirmat.
1143 2468 1287 2522 liloilissirni

241 2552 330 2604 uierius
339 2567 396 2602 vero
412 2551 438 2600 b.
450 2549 469 2600 l.
481 2549 516 2599 sio
526 2547 631 2616 explicat
643 2566 649 2599 :
664 2547 747 2616 Quum
782 2549 848 2602 enim
859 2548 981 2618 homines,
992 2551 1113 2606 seruitus
1123 2553 1198 2604 barba
1208 2553 1287 2622 bispi-

243 2635 333 2702 pluma,
343 2632 391 2693 alo,
403 2631 500 2683 venerit
511 2631 633 2698 superbie
644 2639 706 2697 tue,
718 2633 745 2685 h.
781 2634 825 2687 dos
837 2644 958 2702 gererent,
968 2645 993 2689 et
1001 2637 1081 2690 adhue
1092 2638 1162 2707 pueri
1171 2639 1286 2690 videren-

241 2735 265 2770 ο.
277 2713 392 2784 superbia
406 2723 446 2766 tua
456 2713 600 2782 evolaveri13
609 2716 674 2784 quod
682 2725 749 2768 certe
783 2727 833 2779 tur,
848 2735 892 2780 ora
902 2719 999 2786 pumice
1017 2720 1086 2774 testa
1101 2721 1198 2774 attere
1211 2738 1287 2774 tone·

242 2800 315 2869 psulo
330 2798 446 2852 subtilius
455 2799 567 2850 ridetur.
585 2800 700 2870 Ceterum
717 2799 749 2852 ad
783 2803 882 2857 bantur.
898 2801 938 2856 Aa
956 2805 982 2856 id
998 2804 1110 2858 lilsrtisl.
1124 2805 1198 2868 XIV,
1215 2816 1285 2858 sot:

242 2893 352 2946 nutrtun
368 2900 466 2939 sensum
485 2886 596 2953 apprime
612 2887 680 2938 veuit
691 2905 715 2938 r.
725 2905 746 2938 a.
787 2887 844 2938 «Sit
853 2887 924 2940 nobis
933 2899 1004 2942 astate
1012 2903 1081 2957 puer,
1089 2891 1288 2959 nonpomioelss-

245 2990 258 3016 a
267 2971 291 3020 in
302 2969 387 3022 iaciant
395 2971 497 3022 verterit
505 2970 654 3038 hispidam.s
662 2971 748 3022 Em-
783 2969 847 3020 sis.»
857 2970 966 3024 Era-te
974 2972 1091 3033 nitemur,
1102 2983 1126 3024 te
1134 2983 1253 3026 mutabam
1262 2982 1289 3026 et

242 3067 295 3106 tuas
307 3055 443 3124 superbio,
458 3055 502 3108 tibi
520 3056 633 3122 superbo.
644 3085 678 3095 -
687 3073 749 3128 quoe
784 3051 816 3106 el>
824 3069 862 3118 eo,
872 3054 916 3122 qui
926 3055 1173 3123 nunceedisersurn,
1185 3057 1223 3110 rel
1232 3075 1289 3126 spe

244 3153 317 3190 nurse
328 3137 399 3191 laum.
417 3140 600 3198 siurolsromoe,
615 3139 748 3206 promissus
784 3137 845 3188 ciem
859 3146 925 3190 tunm
936 3155 951 3190 a
963 3140 1068 3207 pristina
1075 3141 1148 3210 plane
1154 3142 1285 3194 diversam.

242 3223 311 3274 enim
320 3222 747 3289 erinieeesvtcs,utTtbul.111,s,
784 3249 822 3260 -
833 3221 900 3286 Qua·
917 3223 1140 3286 massanissae,
1158 3237 1206 3278 ete.
1223 3226 1289 3279 Ante

244 3316 288 3368 st,
295 3307 517 3376 loquitnrstuens,
525 3307 609 3373 rel,nt
616 3313 674 3360 Hor.
682 3323 748 3375 supr.
782 3303 863 3358 oeulos
874 3309 936 3356 llor.
947 3305 1043 3372 babuit,
1057 3318 1085 3360 ut
1094 3308 1146 3375 jam
1157 3309 1285 3362 Scholiast.

244 3391 295 3454 111,
307 3401 352 3456 stt,
365 3401 406 3456 ts,
417 3410 430 3439 a
442 3391 552 3444 humeris
566 3390 661 3459 capillis
677 3405 748 3458 spar-
783 3387 877 3458 Cruqu.
888 3389 1033 3456 obseravit,
1041 3392 1145 3446 Terent.
1157 3399 1216 3446 lieo.
1228 3395 1248 3458 1,
1262 3406 1287 3458 t,

244 3490 317 3540 sequ
328 3473 359 3525 etl
371 3474 470 3526 formosi
487 3474 557 3542 pueri
571 3489 673 3526 veneres
687 3490 747 3540 per·
786 3483 833 3525 tt:
848 3473 958 3536 «Eheu,
978 3491 1018 3528 me
1035 3475 1163 3528 miseram!
1180 3495 1224 3530 cur
1239 3494 1289 3530 non

242 3558 317 3624 tinet.
330 3557 371 3610 ct.
388 3558 448 3610 inlr.
460 3557 496 3620 V,
510 3567 553 3620 tt,
566 3566 610 3608 as.
623 3557 748 3609 -Deci-
784 3568 827 3610 aut
839 3557 923 3611 isthaec
937 3559 1000 3612 mihi
1014 3560 1084 3614 AEtas
1100 3571 1127 3612 et
1145 3562 1222 3615 iorma
1234 3571 1288 3628 est,

243 3638 334 3700 desiset,
344 3651 419 3692 tonse
429 3641 535 3706 luerint;
544 3640 575 3708 <le
583 3639 748 3696 Romanorum
784 3651 827 3694 aut
836 3641 881 3692 tibi
892 3641 944 3694 baso
955 3642 1096 3696 sententia?
1109 3642 1216 3696 n-lu's
1229 3646 1289 3696 ani-

246 3740 323 3786 more,
335 3724 388 3792 qui,
400 3723 504 3792 puberes
515 3722 582 3790 lacti,
593 3725 696 3776 fluentes
706 3742 750 3778 an-
783 3725 840 3782 nsr's,
853 3740 920 3776 nuno
931 3723 994 3777 milti
1007 3725 1078 3794 longe
1090 3727 1170 3794 aliter,
1180 3745 1209 3781 ao
1218 3729 1287 3794 olim,

246 3817 371 3858 teaoomas
381 3805 522 3867 tondebant,
529 3822 560 3858 ne
569 3807 685 3875 probroso
693 3808 749 3860 site
783 3805 911 3873 sentienti,
920 3807 945 3859 b.
953 3824 976 3859 e.
988 3826 1052 3861 nuno
1062 3810 1123 3862 mihi
1133 3811 1285 3879 sapientiori.

244 3889 337 3954 generi,
351 3888 495 3940 amasiorum
505 3887 608 3955 seilicet,
620 3890 699 3942 dediti
708 3891 748 3942 si·
785 3917 819 3928 -
830 3888 970 3942 simelam:
975 3925 984 3950 ‚
1005 3891 1120 3960 integrao,
1134 3893 1217 3962 quales
1227 3893 1287 3946 olirn

238 3971 745 4052 ¹alerentur.Eu---ltlurscet,qus'col.eto.
785 3983 863 4041 erant,
873 3991 947 4028 roseae
958 3993 1046 4048 nempe
1055 3987 1079 4030 et
1089 3977 1168 4032 adhuc
1177 3977 1257 4034 ireres.
