2964 4548
447 365 963 452 Lrn.1,uAnn.xxx11.
1166 377 1230 462 145

334 502 418 570 Cum
438 515 567 591 mente3
588 527 649 573 nec
665 519 798 599 turpem
817 523 983 580 senectam

380 622 529 715 Degere,
547 645 608 690 nee
625 621 754 692 cithara
771 642 951 697 carentem.
1192 654 1229 692 20

183 816 216 850 na
233 801 371 871 incorpore
381 819 449 854 sano.
460 820 559 855 a-nee
570 816 638 874 turp.
650 823 691 856 se-
725 809 757 860 de
768 809 904 862 honoribus
920 813 964 882 qui
979 827 1082 885 ornant,
1096 821 1161 886 quod
1175 837 1230 873 sen-

184 893 251 934 met.
261 883 328 952 Deg.
342 894 368 936 ot
375 885 463 950 degere
480 896 628 940 senectutem
641 905 690 940 non
725 893 763 942 sui
775 895 891 946 carminis
902 911 1055 966 repugnaret.
1075 901 1114 954 Cl.
1126 905 1228 959 Mrlscd.

185 975 293 1034 turpem,
303 984 351 1020 non
364 969 466 1021 tristitia
474 970 636 1040 deturpatam,
646 972 688 1024 sed
726 973 752 1024 in
771 975 835 1051 lanc
855 981 1001 1033 sententiam
1016 984 1100 1037 studit
1114 987 1228 1057 Euripid.

183 1061 259 1102 cantu
275 1051 377 1105 hilarem
393 1063 418 1104 et
427 1051 574 1120 jurandam:
586 1072 635 1107 non
647 1056 689 1109 liic
725 1055 797 1110 Here.
815 1059 875 1110 Fur.
889 1071 939 1114 ets
952 1079 1020 1134 seqq.
1039 1077 1065 1118 et
1079 1068 1229 1138 e'l'heogni-

183 1134 303 1199 agiturne
311 1135 438 1206 vitiisque
446 1137 600 1207 ddoeomnt,
611 1156 691 1210 neque
725 1141 777 1192 deis
785 1160 809 1192 r.
823 1153 872 1197 tua
883 1161 951 1216 seqq.

152 1403 154 1408 “
219 1391 352 1446 Assorus.
368 1395 450 1463 Quum
462 1399 504 1454 die
519 1401 636 1470 solemni,
648 1423 697 1476 quo
708 1405 832 1475 Augustus
844 1409 968 1480 Apollinis
980 1418 1097 1486 templum
1116 1424 1142 1474 in
1154 1425 1227 1480 Palu-

184 1478 237 1530 tioo
249 1480 296 1531 rite
305 1481 457 1536 dedicaverat
467 1485 513 1556 (U.
526 1487 556 1540 C.
571 1489 745 1559 uccxxvl,
757 1505 784 1546 ut
796 1496 870 1548 tradit
879 1495 926 1550 llio
939 1501 1016 1570 Llll,
1031 1507 1069 1573 t),
1081 1525 1226 1580 remonon,

11 1621 12 1628 ἵ
106 1615 108 1620 ,
183 1575 234 1615 sam
242 1566 341 1634 publioe
351 1585 425 1638 quam
438 1572 565 1641 privatim,
582 1586 637 1628 rota
654 1591 819 1648 nuneuparet,
837 1581 955 1638 Horatius
965 1605 1033 1641 secus
1046 1593 1072 1644 in
1084 1594 1124 1646 his
1136 1599 1227 1652 votisa

183 1652 254 1718 vulgo
267 1655 389 1722 sentiens,
401 1673 481 1726 neque
490 1674 563 1728 opes,
579 1679 658 1732 neque
669 1665 813 1732 latifundia,
829 1684 908 1738 neque
919 1672 982 1738 alia,
992 1677 1082 1743 quibus
1091 1682 1160 1750 vulgo
1168 1702 1227 1738 ren-

183 1747 252 1788 setur
262 1739 369 1793 humana
388 1741 507 1810 felicitas,
523 1746 566 1797 sed
578 1765 617 1799 res
634 1759 726 1802 tantum
740 1753 771 1805 ad
786 1755 861 1806 vitam
872 1761 1053 1814 sustentandam
1066 1771 1225 1836 neoesnrias,

184 1833 236 1874 tum
246 1827 324 1878 animi
334 1829 491 1898 eorporisque
500 1834 643 1900 sanitatem,
656 1836 781 1890 heresum
796 1840 901 1910 denique
914 1854 939 1894 et
951 1862 1050 1914 poeseos
1060 1853 1142 1904 studio
1153 1856 1226 1907 exhi-

183 1907 305 1961 larundam
315 1923 464 1966 senectutem
474 1917 507 1967 ab
516 1915 631 1986 Apolline
641 1922 689 1972 sibi
701 1924 803 1990 expetit.

217 1994 328 2051 Elomtio
343 2001 459 2054 carminis
472 2015 574 2069 augusta
593 2023 622 2058 ae
641 2007 783 2075 splendida,
802 2019 830 2060 ut
845 2011 947 2064 decebat
964 2015 991 2066 io
1008 2017 1051 2068 tali
1068 2035 1225 2094 egenonto,

181 2093 282 2134 ornatus
298 2085 324 2136 in
343 2085 448 2153 singulis
464 2090 599 2158 exquiritur
610 2102 637 2143 el
650 2094 762 2162 eopiosus
772 2114 779 2161 ;
790 2096 900 2150 doctrina
915 2115 1013 2168 quoque
1024 2103 1089 2155 haud
1103 2107 1224 2176 vulgaris,

181 2170 286 2240 maxime
305 2172 331 2222 in
346 2170 493 2226 declaranda
509 2175 650 2230 divitiarum
668 2189 741 2250 atque
757 2179 923 2248 lautitiarum,
939 2185 1029 2254 quibus
1041 2188 1084 2241 alii
1100 2210 1126 2246 se
1142 2193 1225 2248 beatos

182 2269 291 2326 oensent,
305 2261 414 2314 notione.

1047 2439 1052 2450 .

177 2453 1224 2506 mmmmmnunwummmmmmmmmmwkuwum

443 2609 713 2719 canuno
746 2635 956 2722 xxxn.

576 2845 635 2898 tn
655 2798 824 2902 unuln.

310 3027 416 3104 Lyram
432 3045 513 3084 snam
528 3028 695 3103 alloquitur,
711 3032 829 3108 ejusque
844 3035 942 3094 laudes
958 3041 1090 3100 celebrat.

272 3223 476 3295 Poscrnun:
492 3227 520 3296 si
533 3228 614 3322 quid
627 3231 722 3299 vacui
735 3232 795 3301 sub
808 3234 927 3303 umbra

271 3342 428 3412 Lusimus
441 3358 566 3434 tecum,
580 3347 672 3441 quod
684 3363 718 3418 et
728 3349 818 3420 hunc
831 3352 867 3421 in
881 3376 1005 3421 annum

214 3534 238 3571 s.
250 3522 399 3584 Post-sinum
420 3527 447 3578 lr.
462 3545 486 3578 e.
499 3528 528 3579 ad
544 3529 679 3582 anundum
716 3528 833 3582 habiliter
841 3529 920 3598 colligi
931 3529 1114 3599 posseridetur.
1123 3529 1189 3582 Nam
1197 3531 1219 3582 si

178 3615 242 3652 num
256 3617 299 3668 em
310 3623 398 3660 erocor
416 3617 442 3660 et
457 3610 581 3679 impellor;
598 3621 680 3664 utrum
716 3611 833 3665 Horatius
843 3623 930 3682 sponte
938 3612 976 3665 rel
989 3611 1067 3680 ipsius
1080 3611 1157 3663 animi
1170 3612 1220 3664 im-

177 3681 313 3754 Aussustus,
329 3704 362 3740 an
380 3689 519 3756 Mecenas,
539 3713 572 3745 aa
591 3697 682 3749 amiens
716 3705 775 3764 peta
793 3695 917 3770 ndlyram
940 3695 1086 3748 tnesandm
1103 3693 1221 3761 impulsus

176 3767 682 3848 quldampoetamimpulerit,lraudliquet;
717 3773 1221 3848 fuisset,rixposeimurdixlsset.Quem·

176 3852 439 3926 ssdlulssealiqnsm,
452 3860 611 3930 quiriniana
629 3880 680 3930 rens
712 3863 847 3916 'admodum
865 3873 945 3914 autem
958 3861 1093 3923 Horatius,
1108 3859 1226 3911 Gemuit

174 3935 611 4010 umdsmmrmineouelnndm,
621 3963 680 4016 pro·
717 3945 859 4005 strenuis,
873 3946 977 4012 Augusti
993 3945 1137 3996 auomrltate
1153 3960 1221 3998 oom-

176 4031 290 4085 Μεηί,
300 4039 333 4074 ex
342 4040 401 4077 rote
407 4026 539 4094 pescunur
549 4028 607 4080 satis
619 4045 679 4096 pro-
717 4031 813 4098 posito,
836 4029 953 4096 singulari
975 4027 1084 4082 oermlne
1097 4025 1220 4096 (We),

248 4126 305 4162 1101.
325 4129 344 4163 l.
493 4172 498 4186 Ι
1036 4141 1077 4188 ¹0
