2834 4546
592 415 1176 446 nutv-mmmmm

281 641 542 747 METRA
580 642 1030 750 ΗΟΒΑΤΙΑΝΑ.

566 916 753 945 -αοᾳι-

350 1101 632 1214 uuc‘r‘onl
661 1125 967 1214 stantun.

568 1380 753 1404 -··000-=-

179 1588 313 1651 hareses
325 1599 377 1650 tot
387 1587 498 1674 lyricae
510 1607 649 1674 poeseos
663 1601 814 1654 auctores
826 1589 936 1674 magni
946 1588 1033 1654 inter
1044 1591 1185 1659 Graecos-

140 1693 291 1774 nominis,
304 1717 390 1760 unus
400 1694 500 1759 nobis
511 1695 665 1760 Horatius
677 1696 767 1776 facit,
778 1713 814 1762 ut
824 1697 930 1763 leuius
941 1697 1176 1766 desideremus.

141 1802 259 1868 Placuit
269 1805 371 1890 igitur
382 1803 500 1869 seculis
512 1802 636 1890 ingenii
648 1803 737 1886 felix,
747 1805 893 1870 numeris
905 1806 1064 1873 curiosus.
1076 1811 1179 1874 llora-

142 1913 223 1978 tiana
238 1931 331 1980 certe
350 1929 457 1980 metra
472 1912 650 1978 Diomedes
667 1929 701 1979 et
716 1916 835 1980 Marius
847 1913 1048 1996 Victorinus,
1060 1931 1180 2004 praeter

140 2023 285 2088 Plocium
303 2039 339 2090 et
356 2023 490 2090 Atilium
507 2024 793 2104 Fortunatianum,
813 2045 854 2088 ex
871 2021 1021 2110 professo
1039 2024 1181 2111 posteris

138 2133 297 2221 explicata
321 2133 540 2222 r'eliquenmt.
569 2135 744 2222 Specimen
768 2128 962 2198 eorumdem
986 2130 1020 2195 in
1043 2129 1182 2197 brevem

138 2240 292 2307 tabellam
310 2245 499 2330 conjectum
518 2242 703 2308 continenti
722 2242 866 2308 carmine
885 2240 1077 2321 Petronius,
1096 2242 1182 2330 quis-

138 2353 206 2438 quis
223 2353 250 2416 is
266 2353 328 2417 fuit
343 2352 438 2440 (nam
455 2354 534 2418 alios
549 2351 696 2438 ejusdem
710 2352 854 2419 nominis
868 2351 930 2418 alia
940 2367 1015 2416 aetas
1028 2352 1134 2442 tulit),
1146 2353 1182 2418 in

139 2461 250 2548 vulgus
269 2461 386 2528 edidit.
406 2463 458 2528 hd
474 2461 560 2528 istud
578 2463 765 2552 exemplum
784 2460 931 2550 magistri
949 2462 1024 2526 artis
1044 2461 1181 2550 poeticas

142 2570 301 2640 studiosos
312 2573 439 2640 tirones
451 2573 493 2640 ad
501 2575 703 2662 multijugam
712 2573 791 2662 lyrae
800 2573 909 2638 latinae
922 2570 1182 2640 modulationem

143 2703 296 2748 exercere
310 2700 482 2772 poterunt.
503 2689 551 2749 lta
564 2684 664 2748 velim
675 2683 741 2748 hoc
754 2681 906 2771 accipias,
920 2697 953 2746 et
965 2681 1098 2762 tuearis,
1111 2704 1181 2748 non

143 2805 295 2880 tanquam
314 2793 447 2882 aliquod
466 2816 622 2882 magnum
643 2807 698 2858 aut
715 2813 860 2870 novum,
880 2789 939 2855 scd
958 2805 995 2855 ut
1012 2791 1182 2878 indignum

140 2901 232 2989 quod
250 2901 283 2967 in
302 2902 552 2970 desuetudinem
567 2903 679 2982 abeat,
694 2923 796 2990 quum
815 2901 849 2966 iu
869 2923 904 2966 se
925 2913 1053 2967 tantum
1063 2899 1184 2970 habeat

141 3013 339 3105 compendii.
349 3017 454 3079 Tuum
464 3013 528 3077 erit
537 3035 600 3101 pro
609 3010 769 3102 Pasiphae
779 3009 989 3090 substituere,
1003 3009 1182 3100 Daphnen,

141 3118 334 3201 Phaetonta,
347 3121 523 3200 Cadmum,
540 3117 593 3185 'vel
607 3121 705 3185 alium
717 3120 898 3208 quemlibet
912 3118 1179 3188 describendum.

141 3230 304 3313 Quantum
322 3228 511 3316 argumenti
530 3227 603 3292 reri
622 3243 678 3292 aut
695 3227 835 3292 fabulosi
854 3229 993 3308 eminet,
1012 3231 1185 3295 materiam

139 3339 377 3428 suppeditabit,
399 3336 502 3402 modo
521 3359 564 3403 ne
584 3336 670 3402 desit
688 3337 833 3404 alilatus:
853 3337 942 3402 ultro
961 3339 1068 3427 rapiet
1087 3339 1129 3404 ad
1147 3361 1184 3402 se

136 3469 330 3532 generosam
349 3445 488 3514 urbane
502 3445 682 3531 juventutis
701 3444 866 3526 indolem,
884 3446 920 3510 ni
939 3445 1049 3528 fallor,
1068 3445 1184 3512 artilex

137 3557 260 3645 pagina,
273 3581 346 3648 quo
360 3555 486 3623 rectius
499 3555 541 3621 ad
555 3554 799 3644 dithyrambum
814 3555 1029 3623 contendant.
1045 3553 1135 3622 Vale.
