2834 4546
458 384 549 452 ιιι.
577 385 610 472 ι,
636 385 786 454 esau.
815 383 879 456 vr.

244 519 361 590 Pelidae
374 521 587 590 stomachum
601 519 720 590 cedere
734 523 861 611 nescii,

246 639 314 709 Nec
327 662 441 708 cursus
456 636 599 732 duplicis
614 663 674 734 per
689 665 781 711 mare
795 639 924 732 Ulixei,

290 755 362 828 Nee
375 779 495 827 saevam
509 755 642 852 Pelopis
655 757 793 828 domum

244 875 423 962 conamur,
437 889 554 943 tenues
568 875 728 969 grandia:
744 874 823 946 dum
838 877 959 972 pudor,

243 989 454 1086 imbellisque
468 991 547 1086 lyrae
560 995 656 1064 Musa
671 1011 789 1090 potens
803 1011 893 1070 vetat

241 1109 371 1180 Laudes
387 1113 517 1208 egregii
533 1113 689 1203 cesaris,
706 1129 739 1186 et
753 1131 825 1185 tuas

289 1225 396 1322 Culpa
411 1227 563 1299 deterere
579 1229 704 1326 ingeni,

239 1347 324 1434 Quis
337 1349 482 1418 Martem
496 1349 609 1417 tunica
622 1363 748 1420 tectum
762 1349 979 1423 adamantina

238 1465 352 1561 Digne
365 1467 560 1562 scripserit?
573 1482 631 1538 aut
644 1465 780 1562 pulvere
791 1471 893 1541 Troio

240 1584 384 1679 Nigrum
398 1583 597 1658 Merionen?
611 1603 668 1657 aut
682 1612 747 1683 ope
760 1585 902 1660 Palladis

286 1701 438 1796 Tydiden
454 1705 590 1799 Superis
605 1707 744 1801 parem?

146 1891 270 1970 Ᾰκῑλῗκ),
286 1923 360 1976 qnam
375 1909 466 1960 cecinit
484 1909 605 1963 Homerus
619 1911 645 1964 in
680 1909 1190 1980 putantallusissesdceleberrinamvsrii

145 1985 361 2042 iliade-cedere
367 1993 468 2055 nescii,-
477 1995 520 2062 qui
531 2011 545 2046 u
557 2012 582 2046 se
596 1995 643 2046 im-
681 1994 820 2061 tragoediam
832 1994 863 2046 de
875 1993 985 2062 'l'hyesta
999 2009 1072 2062 quam
1085 1991 1189 2058 Quinti-

145 2081 236 2139 petrare
247 2091 298 2125 non
311 2083 422 2143 poterat,
432 2084 460 2126 ut
469 2073 645 2140 Agamemnoni
681 2077 761 2127 iianus
768 2077 845 2127 cnivis
851 2075 992 2128 Graecorum
1002 2075 1189 2140 regrediemu-

143 2155 172 2208 ob
180 2167 287 2226 ereptam
297 2158 347 2210 sibi
357 2159 389 2210 ab
398 2176 427 2212 eo
434 2157 568 2210 Briseidem
578 2161 649 2212 cede-
683 2160 814 2228 parandam
823 2159 964 2228 judicat—
970 2171 1067 2216 tenaces,
1081 2158 1148 2209 reier
1159 2157 1189 2209 ad

143 2241 648 2312 ret;inexorabilis;perricaeis.—enrsus
683 2259 744 2302 nos,
755 2241 869 2312 grundio
888 2243 919 2294 ed
935 2239 1071 2309 grandioris
1088 2239 1189 2308 spiritus

144 2320 240 2384 Ulirer',
256 2342 355 2378 errores
367 2325 476 2396 llessis,
487 2329 648 2396 qnoseecinit
682 2325 1024 2396 carmina.-1mbellr‘sque
1042 2323 1092 2391 lyr.
1109 2322 1188 2375 Musa

141 2406 258 2460 Homerus
275 2407 303 2458 in
315 2407 435 2478 Odyssea.
452 2405 560 2460 Ulr'areus
576 2421 646 2462 retus
678 2423 775 2480 potens,
789 2411 815 2462 ir.
828 2430 850 2464 e.
865 2421 890 2463 et
902 2409 1027 2476 ingenium
1042 2424 1090 2459 non
1102 2407 1187 2475 epicis,

142 2491 214 2546 torus
225 2511 271 2563 pro
281 2512 288 2543 :
300 2491 415 2563 Ulysses;
428 2503 456 2544 ut
466 2493 525 2544 inlr.
541 2505 583 2558 tn,
596 2505 644 2559 ³⁴3
681 2497 723 2549 sed
730 2497 818 2565 jocosis
827 2506 851 2550 et
861 2495 985 2550 amatoriis
991 2493 1142 2546 carminibus
1148 2509 1188 2545 es-

144 2574 275 2626 Aciilleur
296 2594 361 2644 pro:
384 2574 503 2629 Achilles.
518 2607 554 2616 —
569 2575 643 2648 dupl.
681 2578 769 2630 nendis
779 2590 862 2648 aptum
871 2589 1011 2648 3-potens
1022 2575 1141 2648 alicujus
1151 2575 1191 2628 nei

144 2655 236 2728 duple:
250 2657 394 2730 (διπλοῦς),
409 2663 453 2731 qni
472 2661 610 2714 simulando
620 2673 646 2714 et
679 2663 783 2726 dicitur,
799 2663 843 2732 qui
866 2660 902 2714 rei
922 2659 995 2712 alicui
1013 2659 1186 2727 suscipiende,

145 2741 224 2792 fictam
235 2745 335 2810 spetiem
353 2762 403 2812 pre
419 2761 446 2796 se
457 2745 559 2798 lerendo
571 2745 643 2809 saliit,
680 2744 809 2798 tractanda
824 2754 849 2796 et
862 2743 1014 2796 mulerandoe
1028 2758 1073 2811 par
1086 2752 1133 2807 est,
1143 2745 1186 2812 qui

142 2825 223 2889 refer,
243 2827 351 2890 dolosus,
361 2829 497 2898 versipellis
510 2827 643 2900 (πολύτρο-
679 2829 753 2899 pollet
763 2827 857 2898 aliquid
866 2829 892 2879 in
902 2827 982 2897 alique
991 2827 1185 2886 re—Imlellis,

140 2909 208 2980 τος),
220 2911 316 2963 homini
324 2911 492 2982 sunph'er'(qui
501 2911 595 2965 Grecis
607 2923 644 2966 est
679 2912 705 2964 lr.
717 2931 740 2965 e.
753 2931 767 2965 a
779 2914 852 2966 rebus
863 2912 956 2964 bellicis
966 2911 1135 2974 abhorrentis,
1146 2911 1186 2964 lu-

140 2992 250 3062 ᾰπλαῖς),
262 2995 288 3046 h.
300 3011 323 3046 e.
333 2995 437 3048 mudido
446 2995 484 3047 rel
497 2995 644 3066 sinoeroop-
677 2997 759 3060 diere,
765 2993 1021 3066 jocose-deterere,
1031 2996 1186 3060 imminuere,

138 3080 243 3146 ponitur.
677 3081 820 3143 obsonare,
841 3097 891 3132 non
905 3095 950 3142 ea,
961 3095 1036 3149 quam
1048 3095 1088 3130 res
1100 3089 1186 3148 postu·

171 3175 195 3215 s.
209 3163 265 3215 Nec
275 3179 336 3214 ιιι-ν.
347 3161 435 3234 Pelop.
447 3161 513 3216 dum¹
526 3163 552 3214 h.
564 3180 587 3216 e.
599 3181 643 3215 nec
678 3163 743 3226 lent,
755 3163 874 3229 dignitate
883 3177 979 3214 canere.
990 3191 1026 3200 —
1039 3159 1134 3232 Culpa,
1148 3171 1186 3214 te-

136 3264 206 3299 saeras
224 3264 239 3298 a
257 3245 359 3314 Pelopis
381 3246 474 3298 familia
494 3254 643 3315 perpetratas
679 3247 773 3300 unitate
785 3247 887 3314 ingenii.

134 3333 222 3394 mdes,
233 3349 290 3401 quae
300 3329 418 3399 Sophocli
431 3330 546 3398 inprimis
555 3331 642 3398 lurgis-
716 3343 757 3384 ts.
777 3331 844 3396 Quis
862 3329 969 3380 Martem
986 3330 1075 3381 tunica
1092 3339 1185 3380 tecum
1237 3353 1239 3358 ·

134 3417 217 3468 sinam
235 3417 268 3468 ad
288 3413 417 3480 tnguuias
430 3413 569 3466 scribendas
580 3431 641 3482 sup-
676 3411 851 3466 udamarmna.
870 3411 961 3464 Senem
975 3421 1027 3464 est:
1040 3407 1144 3476 Augruti
1161 3421 1187 3464 et

133 3497 641 3570 peditaruntmuteriem.OEnomausenim
677 3493 791 3565 Agrippa
805 3513 845 3548 res
858 3503 936 3561 gestas
950 3493 1056 3545 seribere
1069 3491 1132 3543 idem
1148 3501 1186 3544 est

134 3603 249 3654 agerem
264 3584 376 3654 Pelope,
388 3583 504 3653 Thyeste
520 3583 595 3634 liberi
610 3583 641 3635 ab
676 3597 703 3633 se
716 3581 739 3632 si
752 3581 861 3634 Martem
876 3588 902 3632 et
917 3577 1004 3630 heroas
1022 3576 1081 3627 istos
1099 3574 1184 3628 fortis-

134 3675 183 3740 ejus
192 3671 268 3722 iratre
277 3667 369 3730 Atreo,
378 3665 471 3721 Atreus
479 3665 510 3718 ab
518 3665 640 3733 AEgistho,
676 3663 766 3728 simos,
788 3663 920 3715 Merionen
948 3659 974 3712 el
996 3657 1109 3728 Tydenm
1128 3675 1184 3711 car-

135 3751 297 3820 Agzmnmon
311 3771 326 3806 a
337 3751 541 3821 clytemnestra,
554 3750 642 3804 basset
676 3748 744 3800 mine
755 3747 877 3800 celebrere
885 3745 969 3799 relies.
981 3743 1022 3796 Sic
1033 3742 1104 3795 tacite
1115 3753 1185 3810 poeta

135 3839 256 3905 AEgisthns
265 3839 299 3890 ab
308 3837 411 3898 Oreste,
424 3835 490 3886 illius
499 3834 560 3898 lilio,
570 3837 642 3888 ooeiri
677 3849 731 3884 eum
749 3832 810 3900 ipsis
823 3829 959 3884 Homerios
971 3827 1057 3881 Iliadis
1068 3825 1185 3878 heroibus

132 3932 201 3985 sunt,
209 3922 310 3975 Orestes
319 3919 376 3988 ipse
384 3917 459 3970 furiis
468 3917 579 3984 agitatus.
589 3918 643 3970 Nee
678 3913 813 3982 Augustum
829 3927 854 3967 et
865 3913 998 3984 Agrippam
1009 3909 1139 3978 componit.
1148 3914 1184 3950 -’

130 4009 227 4061 omnim
237 4003 421 4077 repudiandam
431 4001 577 4054 crediderim
586 4002 639 4070 opi·
675 3999 752 4052 Docta
764 4000 817 4050 nee
829 3997 919 4050 Martis
932 3998 1010 4062 imago
1021 3994 1053 4046 ab
1065 3991 1182 4057 llomem,

130 4095 225 4148 nionem
237 4107 325 4147 eornm
335 4089 382 4158 qni
392 4085 439 4138 bne
450 4085 502 4136 loco
512 4083 640 4138 lloretium
677 4083 720 4135 ubi
740 4083 783 4134 ille
799 4081 889 4133 dieitur
906 4077 1064 4148 χαλκοχίτωι,
1080 4085 1183 4145 χαλκο·
