3010 4556
255 347 324 442 ηε
505 343 576 434 ὀ.
601 325 814 416 n'onnru
838 345 1016 418 naseos

347 484 581 554 Dissentieutis
599 481 849 556 conditionibus

394 601 520 691 Foedie,
537 617 571 672 et
587 599 740 696 exempto
755 601 905 676 nubenti

443 721 630 794 Perniciosa
648 721 783 792 veniens
802 720 838 790 in
856 745 979 808 evum,
1005 764 1010 777 ·

345 840 381 908 si
398 865 467 908 non
486 840 612 934 periret
629 835 880 910 immisemfflia

346 957 486 1050 Captiva
503 956 618 1051 pubes.
635 956 766 1050 «Signa
781 978 846 1050 ego
861 956 996 1026 Pennis

391 1072 510 1143 Adfixa
528 1072 694 1163 delubris,
713 1088 748 1143 ot
765 1097 860 1146 mann

439 1190 603 1264 Militibus
618 1196 692 1265 sine
707 1193 816 1286 eade,
835 1192 939 1281 dixit,
1254 1215 1291 1253 2ο

244 1391 749 1462 rediturum5prinnnmutrenit,oaptivos
785 1392 832 1458 dis,
843 1391 881 1443 rei
893 1388 1042 1443 redimendis
1053 1387 1290 1456 Carthaginiensium
1399 1422 1403 1429 -

221 1471 377 1527 'reddendos
396 1472 423 1525 iu
451 1483 536 1526 senatu
563 1493 611 1528 non
634 1478 746 1529 censuit:
785 1473 884 1526 nomine
901 1489 967 1526 nune
980 1472 1074 1524 ferebat
1090 1471 1215 1538 Regulus,
1237 1472 1292 1526 ideo

242 1555 414 1626 deindequunn
426 1557 595 1612 retineretura
605 1560 749 1631 propinquis
784 1554 979 1625 roeet,flrdas,
996 1553 1062 1629 quod
1074 1569 1173 1616 omnes,
1185 1555 1229 1624 qui
1241 1571 1290 1606 non

241 1649 267 1694 et
274 1640 407 1708 amieis,ad
414 1641 747 1714 snppiieinmrediremaluit,
784 1651 887 1694 mortem
895 1639 1031 1710 captivitati
1042 1637 1204 1708 pretuierinn
1223 1635 1291 1690 imdoe

241 1741 315 1794 quam
327 1726 399 1779 tidem
410 1727 475 1781 hosti
484 1727 565 1780 duam
584 1729 678 1782 fallere.
691 1731 748 1778 n'-
785 1727 886 1792 ignaria
894 1724 987 1778 miiites
995 1723 1291 1800 habet,etproindequas·

241 1802 314 1876 Quod
325 1811 356 1861 ad
376 1813 580 1881 comparationem
598 1811 747 1881 captivorum
782 1810 923 1880 quedeisis
936 1809 1086 1862 redimendis
1097 1807 1158 1860 tatas
1170 1808 1291 1860 eonditio-

242 1911 308 1946 nune
329 1906 414 1966 sponte
427 1885 448 1948 ¹a
464 1897 570 1950 Phraate
591 1897 747 1951 remissorum
785 1911 838 1961 nee,
853 1905 942 1948 utrem
959 1895 1046 1946 iudam
1058 1901 1083 1945 et
1093 1892 1192 1962 pessimi
1204 1909 1290 1945 menr-
1395 1965 1397 1970 Α

239 1977 345 2044 oumiis,
356 1996 459 2050 quorum
474 1979 513 2032 rei
522 1981 746 2034 commutandorum
783 1979 835 2048 pii,
853 1980 960 2032 damnat.
976 1977 1026 2032 Sed
1042 1995 1073 2030 ne
1091 1977 1154 2030 forte
1171 1975 1289 2044 Regulum

239 2061 276 2114 ret
296 2061 493 2116 redimendorum
516 2081 587 2118 causa
609 2065 711 2118 Romam
731 2082 747 2118 a
783 2063 852 2116 {teda
862 2064 933 2116 istius
941 2063 1099 2134 eaptivitatis,
1109 2061 1141 2115 de
1151 2079 1199 2132 qua
1210 2077 1291 2114 sermo

240 2141 486 2213 Carthaginiensibus
500 2145 588 2200 missus
602 2149 682 2202 dierat
691 2155 746 2202 lte-
781 2157 826 2210 est,
834 2159 969 2200 ounsortem
979 2145 1014 2200 its
1022 2145 1089 2216 loqui
1096 2153 1122 2198 et
1131 2144 1234 2197 suadere
1243 2145 1290 2195 mi·

240 2227 325 2298 purius,
340 2232 445 2298 attinet,
461 2231 618 2300 tunquam
632 2251 681 2285 non
697 2251 746 2286 una
782 2229 855 2298 νει-ἱε,Δ
864 2231 1018 2302 inperatoris
1027 2231 1207 2284 fortun-amnon
1217 2247 1231 2280 a
1240 2225 1289 2280 sola

240 2312 373 2381 eademque
389 2325 548 2384 utrorumque
562 2315 685 2376 eonditio,
704 2317 747 2369 sed
782 2315 868 2383 ipsius,
878 2317 921 2369 sed
931 2331 945 2368 a
954 2313 1290 2368 eommunimiiitumrirtute

239 2413 288 2448 nnn
315 2397 448 2466 eademque
468 2415 558 2459 eausa,
584 2415 632 2467 qun
653 2400 745 2468 justam
782 2399 905 2467 pendere,
919 2399 1005 2466 cogita.
1019 2395 1084 2451 Nam
1097 2399 1117 2451 si
1127 2397 1287 2451 fortissimum

239 2481 338 2550 utrique
348 2491 433 2534 rontrn
444 2499 471 2534 se
487 2492 613 2534 moverant
631 2483 745 2550 indigna·
781 2481 867 2534 duoem
875 2481 997 2548 Regulum
1013 2483 1089 2535 secuti
1106 2479 1287 2534 inissentmiii-

239 2563 506 2630 tionemNeuts-ieuim
514 2565 747 2634 uthorninesignavi
783 2565 949 2634 tee,quieeum
959 2583 1008 2619 non
1018 2583 1067 2619 una
1076 2583 1131 2620 cum
1142 2563 1191 2618 iliis
1201 2567 1226 2617 in
1234 2581 1287 2617 me·

239 2661 335 2718 turpem
351 2649 516 2717 eaptivitutem
530 2650 637 2702 honestae
656 2651 745 2720 morti,
782 2648 823 2701 dia
845 2649 952 2702 hostium
965 2651 1062 2720 agmina
1078 2653 1245 2720 inupturum,
1264 2657 1289 2700 et

237 2732 280 2784 sed
297 2742 325 2784 ut
337 2731 385 2784 riri
405 2733 481 2784 fortes
496 2733 623 2786 honestam
642 2745 744 2786 mortem
783 2734 908 2786 honestam
927 2753 973 2804 pru
994 2735 1073 2804 petrin
1093 2745 1196 2788 mortem
1218 2733 1289 2799 longe

238 2815 305 2886 turpi
320 2815 456 2884 captivitati
470 2817 585 2884 prmierre
597 2817 743 2872 debuerant.
781 2817 849 2870 toeoae
858 2819 993 2890 eaptivitati
1005 2819 1201 2888 antepositumm
1212 2819 1287 2870 tuisse

238 2896 345 2956 -ωΗοσ,
356 2896 391 2949 ἠε
401 2898 539 2972 uenderet,
550 2901 641 2962 seilicet
650 2919 681 2954 ne
693 2919 742 2954 un·
779 2899 828 2954 sibi
840 2919 888 2955 non
898 2901 1063 2971 persuadeat?
1074 2899 1209 2952 -Sinon
1217 2899 1286 2972 peri-

236 2997 309 3051 quam
333 2997 377 3050 spe
396 2981 577 3050 redemptionis
604 2987 742 3055 pudendam
778 2999 824 3046 tet,
832 2987 853 3040 si
862 2989 1034 3051 redimeretur,
1046 3005 1090 3038 nee
1099 2988 1179 3056 potius
1188 2986 1286 3054 periret,

235 3063 400 3136 captivitatem
427 3068 500 3117 morti
521 3067 613 3119 decern
637 3067 742 3121 Romani
778 3072 805 3122 h.
827 3089 850 3124 e.
871 3073 999 3140 repudiata
1025 3089 1110 3124 eorum
1137 3071 1287 3128 redemtione

237 3146 328 3198 militer
340 3148 493 3216 praeferrent.
505 3179 541 3188 --
557 3167 627 3204 mens
636 3150 742 3224 proviin
778 3156 884 3208 hostium
897 3157 1001 3210 arbitrio
1013 3155 1285 3224 relinqueresne-ue

235 3229 343 3300 tregua,
366 3232 614 3300 prudenscunsiiium
634 3235 738 3301 negati,
775 3237 943 3299 mrierubr'ir’s,
963 3239 1056 3310 absque
1068 3237 1234 3300 miseratione,
1246 3238 1286 3288 in-

235 3315 383 3384 providentis
398 3331 501 3384 nempe,
519 3333 592 3385 quam
605 3317 741 3385 perniciosa
775 3322 848 3388 digna
856 3323 925 3391 eujus
935 3321 1063 3394 quisquam
1074 3323 1241 3374 misereretur.

236 3403 319 3453 futura
329 3402 362 3452 sit
372 3401 511 3476 reipublicae
522 3403 661 3468 ignavorum
674 3401 741 3454 miti·
816 3417 858 3458 tt.
878 3406 1007 3473 singulare
1020 3423 1121 3474 prorsus
1137 3404 1284 3474 peetmarti-

238 3497 290 3538 tum
301 3486 428 3538 redemtio.
438 3515 472 3526 -
482 3487 594 3536 Dt'stent·
606 3483 739 3538 wndfubtt.
779 3491 859 3543 tioium
874 3503 921 3554 est,
937 3509 986 3560 quo
1001 3489 1100 3559 obliqua
1112 3488 1191 3542 oratio
1204 3486 1286 3540 subito

238 3567 310 3621 Foed.
324 3571 478 3640 etexemplo,
496 3579 544 3620 eto.
557 3567 615 3619 dum
628 3567 702 3620 itedas
711 3569 743 3621 da
778 3572 917 3639 erigiturod
926 3583 1064 3642 rectamque
1072 3571 1231 3636 convortitur3
1237 3585 1285 3638 quo

237 3653 388 3709 redimendis
406 3653 507 3721 eaptiris
521 3651 672 3704 eonditionee
687 3652 742 3704 dis·
778 3673 837 3708 sane
846 3657 877 3708 ad
892 3651 1075 3709 oommorendos
1091 3652 1236 3706 animosrir
1246 3649 1284 3702 ei·

236 3737 357 3802 suaderet,
367 3753 463 3804 easque,
471 3745 584 3804 tanquam
593 3733 740 3804 exempium,
777 3738 873 3791 ficarios
884 3737 1016 3807 quidquam
1030 3737 1131 3804 eogitari
1144 3743 1282 3804 poterat.—

237 3822 287 3874 vitn
302 3821 463 3898 perniciosam
474 3820 538 3888 apud
548 3830 656 3887 posteros
668 3820 739 3872 habi·
775 3821 890 3892 Signaet
903 3837 975 3872 anna
988 3817 1080 3888 nrljixa
1101 3817 1225 3876 dedsbn's,
1242 3831 1283 3866 se-

239 3915 337 3966 tarum,
354 3903 498 3970 rejiciendus
510 3919 562 3954 esse
572 3903 695 3955 censebat.
706 3933 739 3941 -
777 3915 841 3956 teres
849 3903 924 3965 enim,
935 3911 961 3952 ut
972 3901 1032 3952 satis
1045 3899 1231 3970 mnrntspotia
1240 3899 1283 3950 tio

237 3987 340 4056 Foedis,
356 3989 475 4058 nquiores
485 4005 581 4058 quoque
596 3989 649 4040 ilias
656 3988 741 4041 eondi-
776 3990 849 4040 stium
861 3998 888 4040 ut
898 3982 1074 4055 isatiuernin
1084 3985 1230 4054 templorum
1243 3983 1281 4032 in-

236 4073 389 4138 risumque
397 4071 428 4123 de
437 4073 539 4142 captivis
546 4074 582 4127 rel
591 4085 740 4126 eommutnn·
775 4074 853 4140 stigiis
871 4070 1018 4141 suspendere
1039 4069 1158 4125 solebant.
1174 4100 1207 4109 —
1227 4067 1284 4118 sine
