2894 4558
224 327 292 404 510
497 325 542 415 Q.
567 323 777 395 nontin
801 321 977 392 rnrccr

318 465 466 536 Minatus
480 461 567 533 Urbi
584 459 713 552 vincla,
729 485 801 556 quen
818 457 1027 531 detraxerat

413 581 525 653 Servis
542 582 669 651 amicus
686 577 833 675 perfidis.

318 699 507 787 Romanus,
523 693 625 767 cheu!
644 697 770 791 posteri
786 693 968 792 negabitis,

415 815 653 910 Emancipatus
670 811 819 904 femine,
969 817 971 820 ’

321 937 401 1005 Fert
413 929 536 1002 vallum
551 947 586 1002 et
600 955 694 1001 arma
709 929 822 1023 miles,
835 947 870 1002 et
883 929 1087 1028 spadonibus

417 1049 549 1121 Servire
566 1049 695 1146 rugosis
712 1047 840 1145 potest!

320 1169 479 1262 Interque
495 1167 590 1262 signa
606 1181 704 1262 turpe
722 1163 878 1240 militaria

418 1281 475 1354 Sol
490 1283 634 1381 adspicit
649 1280 847 1379 conopium!

224 1491 336 1563 Nepnmi
344 1507 371 1544 se
380 1491 457 1544 oliuu
467 1493 593 1546 conlassus
601 1503 648 1558 est,
659 1510 729 1547 eum
764 1509 831 1560 sunt,
844 1494 891 1548 tibi
899 1493 964 1548 dedo
972 1507 1079 1564 opem
1089 1512 1103 1542 s
1113 1489 1277 1544 Ena-Fen

225 1594 274 1650 qne
284 1577 361 1630 hobus
373 1576 467 1628 cuntis
479 1587 503 1629 et
515 1593 578 1647 equo
589 1577 703 1647 plsmvit.
714 1599 728 1628 s
765 1579 831 1633 vuli.
839 1591 942 1632 ermen
950 1573 1270 1648 ωιἸ.συρω1.8ιιν.ιπς.

226 1659 267 1715 Gi.
277 1659 457 1722 ntuxnvtu,
467 1669 511 1714 tu.
522 1661 559 1713 Eo
568 1661 655 1714 saleim
666 1679 731 1716 nunc
763 1663 919 1737 ponetqut,
928 1674 956 1715 ut
967 1663 1055 1717 fortem
1065 1660 1173 1714 militem
1187 1660 1274 1726 decet,

225 1763 296 1810 eum,
315 1745 342 1798 in
357 1745 419 1797 mari
436 1744 617 1814 perdomitum,
636 1743 727 1798 wem
765 1747 855 1802 sallum
864 1757 889 1801 et
896 1763 965 1801 arms
975 1747 1038 1814 lert,
1048 1745 1113 1798 idem
1127 1759 1179 1796 ase
1192 1743 1276 1813 inpe-

226 1827 386 1900 tenuium
398 1835 474 1881 roost.
490 1855 526 1866 -
536 1827 599 1880 usui
614 1827 730 1889 witus,
767 1841 833 1884 trare
845 1840 924 1900 potest
934 1832 993 1897 hoe,
1011 1839 1040 1880 ot
1047 1827 1180 1896 decrepitis
1190 1843 1275 1879 ennu-

226 1909 387 1965 Oetnsianum
404 1922 458 1982 post
473 1927 579 1981 pugnum
592 1911 659 1966 illem
677 1929 733 1966 ms·
766 1913 819 1966 nisis
838 1913 945 1965 servisti
963 1941 999 1952 -
1014 1909 1087 1979 Quod
1102 1911 1147 1964 nni
1163 1909 1275 1964 Antonio

228 2011 302 2065 marn
309 1995 732 2066 nasium,nS.Pompelorelictsrum
769 1995 869 2068 proprie
879 1995 1037 2048 tribuendum
1045 2004 1106 2056 erut,
1113 1993 1191 2046 idtoti
1201 1993 1276 2046 simul

231 2091 257 2133 et
271 2080 351 2134 littori
363 2081 506 2144 illisorum,
519 2097 648 2135 numerum
666 2099 734 2136 oom-
769 2081 823 2148 ejus
831 2077 966 2142 exercitui,
982 2087 1096 2146 corrupto
1111 2077 1183 2147 qnasi
1199 2087 1226 2130 et
1238 2079 1274 2129 in-

228 2163 336 2218 bnssisse
348 2174 451 2218 runnu
466 2164 514 2218 Diu
532 2165 634 2232 linx,
646 2175 689 2219 so.
701 2191 735 2206 -
770 2163 913 2217 tecuduuis
926 2161 1053 2232 exemplu,
1065 2162 1163 2214 tribuit.
1175 2163 1278 2214 -Foe

230 2247 349 2302 Manum
364 2247 545 2308 Urbiniana,
561 2245 734 2321 quaedem.
770 2247 837 2298 vall.
850 2258 957 2298 etaim
971 2244 1026 2296 mu.
1038 2243 1171 2298 Comme
1184 2244 1216 2296 de
1231 2244 1277 2298 huc

231 2329 316 2384 swa
326 2333 426 2384 umacus
440 2330 508 2402 p‘cfi
524 2348 568 2400 pro
579 2332 647 2383 tenni
660 2346 667 2381 :
684 2332 737 2384 lio-
771 2328 880 2382 militum
891 2327 1058 2381 Romanorum
1072 2327 1099 2378 in
1111 2325 1177 2378 bello
1186 2325 1277 2379 laboris

231 2415 474 2483 manumimperlunr
483 2431 539 2465 cerm
548 2430 672 2466 sensorum
684 2432 737 2483 pcr-
772 2413 892 2482 pauentia
913 2413 1024 2465 afferunt
1050 2410 1129 2464 locum
1152 2409 1279 2464 Ciceronis

231 2499 335 2550 lidorum
350 2512 425 2548 mann
435 2496 549 2564 potestati
558 2513 608 2546 sun
617 2496 738 2562 subjicere
773 2493 866 2561 Qnaest.
888 2495 965 2548 Tusc.
987 2494 1035 2560 11,
1060 2503 1092 2547 to
1113 2513 1120 2546 a
1143 2513 1157 2542 ι
1177 2493 1279 2546 lllilitiss

232 2587 338 2630 tentem.
349 2575 461 2627 -Sem
474 2591 524 2626 um.
533 2574 604 2648 pers.
619 2577 739 2631 insidiose
773 2577 851 2628 nostri
869 2579 990 2630 exercitus
1008 2577 1053 2647 qui
1070 2575 1155 2644 libor,
1173 2587 1281 2647 quantos

232 2669 258 2714 et
268 2657 396 2710 humiliter
404 2657 435 2710 de
444 2657 573 2726 Pompeio,
580 2660 652 2729 quasi
662 2661 739 2714 serris
773 2661 889 2728 agminisl
909 2661 974 2716 lerre
989 2659 1045 2730 plus
1055 2661 1179 2714 dimidiati
1190 2661 1281 2714 mensis

233 2741 350 2812 perfidis,
367 2756 382 2793 e
401 2739 493 2810 quibus
513 2739 584 2792 illum
604 2743 739 2796 exercitum
774 2745 878 2812 cibaria,
891 2745 1280 2817 teruntqutuduuumvetim,

234 2843 304 2879 sunm
314 2825 464 2894 supplevisse
474 2835 580 2889 constat,
595 2825 739 2894 (sidilell.
778 2828 842 2882 ieme
851 2830 952 2883 vellum.
963 2830 1028 2883 Nam
1044 2839 1154 2892 mutum,
1164 2827 1280 2896 gladium,

233 2911 277 2979 11,
291 2922 340 2973 ¹33
357 2910 419 2978 Dio,
434 2909 566 2974 xnvm,
582 2917 632 2982 tu)
651 2912 742 2966 amictu
777 2913 1014 2984 galesm,inone1e
1030 2912 1106 2967 nostri
1123 2913 1215 2966 milites
1232 2931 1280 2966 non

235 2996 295 3051 cclcc
305 2995 390 3050 inerit.
775 2997 832 3067 plus
844 3007 984 3063 numerant,
992 3015 1066 3068 quam
1075 2999 1199 3062 humeros,
1211 2998 1283 3050 lacer·

272 3091 314 3133 u.
337 3079 484 3139 Ronanus,
502 3080 595 3132 dictum
612 3096 667 3132 cum
684 3095 739 3132 ern-
776 3089 935 3150 tns,manus.
948 3081 1100 3135 Armeenlm
1112 3081 1221 3134 membru
1229 3081 1281 3132 mi·

234 3163 315 3234 phul.
325 3191 360 3203 -·-
368 3161 506 3236 limarrcs'p.
516 3163 629 3234 fimsisoe
635 3181 646 3228 ,·
664 3181 740 3216 man-
775 3162 828 3216 litis
837 3181 890 3216 esso
901 3165 995 3216 dicunt.
1008 3185 1066 3213 u-
1075 3165 1187 3234 rugosis,
1199 3163 1283 3216 decre·

234 3246 330 3317 crinium
346 3247 446 3314 proprie
465 3247 530 3315 apud
548 3247 669 3300 &manos
687 3256 741 3299 erat
775 3247 836 3316 pitis
853 3249 972 3317 senibus3
990 3248 1024 3302 cl.
1042 3247 1148 3302 Terent.
1166 3249 1280 3300 Eunuds.

234 3327 301 3400 quod
317 3329 344 3380 in
363 3337 446 3380 nostru
463 3339 584 3398 potestate
600 3339 653 3398 est,
669 3330 740 3400 quusi
775 3329 824 3398 w,
841 3342 873 3396 t,
891 3341 935 3384 20.
951 3327 1160 3402 -spodonibus,
1173 3330 1282 3384 Manlio·

233 3415 386 3486 qnodmonu
393 3413 519 3484 cuprinum·
530 3415 741 3485 emarccp'oareeu·
777 3431 834 3467 nem
846 3415 962 3484 inprimis
972 3431 1064 3482 magne
1074 3416 1101 3466 in
1112 3415 1162 3468 illis
1174 3415 1282 3468 auctori-

237 3509 298 3565 tem,
309 3497 426 3567 aliquido
436 3513 480 3549 sua
490 3498 516 3550 lo
525 3497 588 3550 alius
599 3506 744 3566 potestatem
779 3497 838 3550 tetis
850 3497 941 3562 luisse,
955 3515 985 3550 ex
999 3498 1126 3550 Plutarch.
1146 3498 1172 3550 in
1186 3497 1279 3550 Anton.

235 3582 384 3635 transferre:
397 3579 431 3632 ita
441 3590 470 3632 ut
480 3579 741 3652 emoncpsmusjemi·
778 3597 804 3649 p.
819 3590 869 3634 ann
878 3617 885 3643 ,
894 3579 1020 3632 discimus.
1031 3581 1198 3654 -Inresque
1207 3583 1283 3651 sr'gna

237 3665 385 3719 milenum
393 3661 546 3717 sitnudr'uss
556 3665 583 3717 in
595 3676 740 3734 potestatem
775 3675 848 3736 turpe
863 3664 935 3717 milri.
947 3662 994 3716 Sol
1002 3661 1074 3735 adep.
1089 3680 1177 3734 conop
1190 3674 1215 3715 ct
1224 3663 1282 3726 Sul,

236 3752 350 3818 lemine„
363 3759 388 3802 et
404 3749 452 3818 ipsi
469 3749 586 3818 mancipii
597 3749 677 3802 instar
688 3767 741 3804 scr-
776 3751 880 3804 nefando
892 3768 995 3822 qunque
1010 3752 1164 3821 adspiciens,
1179 3750 1283 3821 adspicit

235 3833 316 3886 siens.
327 3832 404 3900 Cuius
420 3831 489 3883 serbi
502 3832 552 3884 rim
566 3833 678 3901 apprime
692 3851 739 3886 cx-
776 3834 842 3886 inter
856 3834 925 3901 signa
941 3835 1061 3888 militaria
1078 3847 1150 3905 turpe
1168 3834 1281 3888 mollitiei

237 3914 401 3984 plicntl’laut.
410 3913 497 3968 Bsooh.
507 3913 530 3984 1,
540 3927 564 3984 t,
574 3923 621 3968 ott:
636 3915 737 3980 «Nunc,
773 3917 869 3984 signum
877 3919 1015 3987 conopinm,
1025 3937 1069 3988 pro
1080 3919 1150 3972 tenui
1161 3937 1168 3970 ι
1181 3929 1206 3971 et
1217 3919 1282 3972 inter

237 4011 294 4063 eno,
305 3998 404 4061 mulier,
420 3997 465 4049 tibi
478 4015 518 4050 mc
529 3998 669 4067 emancipe,
682 4009 737 4055 tuus
772 3999 841 4066 signa
853 3999 971 4054 militarie
985 4003 1115 4070 conopium
1130 4001 1282 4056 rutundus
