2990 4556
471 346 562 414 mn.
588 348 644 436 11,
670 329 948 420 osnmxtx.
1161 352 1225 442 αφ’

286 484 355 571 Tu,
371 504 474 576 quum
489 483 637 578 parentis
653 508 756 579 regna
772 508 834 578 per
850 485 990 558 arduum

289 599 420 669 Cohors
434 587 617 695 Gigantum
634 599 810 672 scanderet
826 604 946 698 impia,

334 715 493 787 Rhoetum
510 715 690 805 retorsisti,
708 715 814 786 leonis

385 831 562 928 Unguibus
579 831 803 928 horribilique
822 833 930 905 mala:

288 953 519 1048 Quamquam,
536 953 665 1022 choreis
685 951 799 1047 aptior
817 969 850 1023 et
863 955 949 1048 jocis

289 1067 451 1164 Indoque
469 1067 594 1158 dictus,
614 1094 682 1138 non
700 1083 752 1138 sat
768 1066 908 1142 idoneus

338 1189 463 1282 Pugnae
480 1185 659 1274 ferebaris;
678 1185 736 1256 sed
756 1186 844 1256 idem

384 1304 479 1373 Pacis
497 1327 571 1372 eras
590 1303 782 1399 mediusque
799 1301 889 1374 belli.

287 1426 336 1493 Te
354 1420 440 1493 vidit
458 1423 573 1492 insons
588 1421 754 1493 Cerberus
771 1447 872 1494 aureo

187 1622 292 1668 constat.
311 1613 427 1669 Ceterum
438 1617 471 1670 de
483 1633 566 1687 more,
576 1637 626 1690 quo
635 1617 694 1672 buc-
734 1621 824 1688 passim
833 1629 902 1689 pust,
915 1624 1079 1694 quanvis-
1087 1621 1166 1674 Pacis
1177 1639 1234 1676 erus

190 1699 290 1752 ubantes
302 1711 352 1753 tam
363 1719 455 1754 comam
465 1721 538 1772 quum
548 1722 634 1773 corpus
643 1723 694 1756 ser-
729 1701 793 1754 med.
807 1703 876 1763 belh',
889 1715 937 1756 tum
947 1705 1012 1773 pacis
1024 1715 1049 1755 et
1059 1705 1177 1758 mollioris
1186 1707 1233 1760 otii

191 1783 306 1849 pentibus
325 1784 492 1848 induxerint,
510 1787 559 1837 rid.
578 1787 649 1838 Voss.
669 1799 695 1839 et
729 1803 829 1848 amans,
848 1805 921 1856 quam
943 1789 1007 1840 bello
1024 1799 1155 1855 strenuus3
1174 1791 1231 1842 uel:

191 1865 288 1918 Mum.
307 1867 338 1920 ud
353 1867 444 1922 Catuli.
457 1871 554 1936 LXIV,
565 1883 633 1934 tte,
650 1873 693 1924 ubi
731 1871 829 1939 utrique
839 1872 941 1937 tempori
954 1881 1039 1938 uptus.
1053 1887 1122 1940 nque
1133 1872 1236 1924 idoneus

190 1947 431 2005 debacchantibus:
453 1955 540 2006 «Pars
555 1973 609 2007 sese
625 1955 695 2008 tortis
731 1953 845 2020 mollibus
861 1953 956 2005 deliciis
967 1954 1033 2021 pacis
1045 1971 1073 2004 uc
1089 1955 1234 2006 tumultibus
1324 1953 1329 1960 '

190 2035 347 2102 serpentibus
360 2037 523 2103 incingebant.
538 2057 552 2086 s
730 2037 798 2088 belli.
808 2037 896 2086 -Sin
910 2045 991 2086 autem
1004 2036 1061 2088 huie
1077 2037 1232 2104 explicationi

226 2125 271 2167 st.
287 2117 391 2170 Sensus:
409 2119 447 2170 Te
462 2137 557 2190 quoque
574 2119 692 2186 insignem
729 2119 755 2170 τὸ
765 2137 822 2171 erus
834 2119 1045 2182 obsturcridetur,
1061 2130 1086 2171 et
1093 2121 1167 2189 pacis
1176 2138 1234 2173 erus

189 2196 329 2252 iecitrirtus
335 2201 692 2274 bellica‚cujusquidem,quum
727 2201 826 2254 mediiis
839 2204 974 2254 necessario
984 2221 1080 2274 quoquc
1090 2203 1121 2254 ud
1130 2221 1168 2271 ea,
1177 2199 1232 2274 quse

189 2281 217 2334 in
228 2300 309 2352 pugna
320 2285 377 2348 illa,
387 2302 434 2354 quu
445 2285 563 2353 Gigantes
573 2287 640 2340 lovis
650 2307 690 2340 re-
726 2285 833 2337 Bucchus
843 2285 869 2337 in
880 2285 921 2336 illu
934 2301 1014 2353 pugna
1025 2285 1151 2354 prestitit,
1165 2289 1231 2338 rete-

189 2369 429 2434 gnumuiiectabant,
439 2371 517 2423 leonis
530 2372 606 2424 lorum
616 2373 690 2424 indu·
727 2371 829 2422 rendum
837 2379 919 2438 putes,
931 2369 1048 2422 bacchum
1059 2369 1114 2422 ideo
1120 2369 1230 2423 medriam

190 2457 228 2501 tus
236 2469 313 2503 unum
325 2469 409 2504 eorum
421 2453 536 2504 nuoetum
545 2453 690 2507 deueloda-
723 2453 797 2521 pacis
806 2452 918 2523 bellique
932 2451 1024 2504 dictum
1035 2469 1087 2504 mse
1097 2452 1233 2520 intelligere

189 2535 309 2602 turbares,
321 2537 443 2603 egregium
453 2537 623 2590 documentum
634 2539 691 2591 edi-
727 2535 824 2602 poteris.
831 2535 896 2604 qnod
903 2533 1033 2586 arbitrium
1040 2534 1107 2602 pacis
1114 2534 1232 2604 bellique,

187 2615 383 2687 disti3quamvis
395 2621 462 2672 enim
476 2622 588 2689 choreis,
598 2623 693 2690 jociset
727 2618 754 2669 h.
772 2635 795 2670 e.
813 2635 897 2686 pugnae
915 2619 982 2670 illius
994 2629 1044 2670 tam
1057 2621 1230 2688 componendas

188 2697 248 2752 tudo
264 2703 351 2768 aptior,
361 2721 433 2772 quam
449 2704 539 2772 pugnis
554 2721 606 2756 esse
620 2706 691 2756 uide·
725 2717 798 2769 quum
804 2701 985 2763 continuandus,
995 2717 1009 2751 u
1019 2699 1070 2752 solo
1078 2701 1131 2768 ejus
1138 2701 1232 2752 auxilio

188 2781 266 2844 baris,
279 2783 343 2834 idem
356 2795 434 2838 tamen
447 2787 473 2838 in
484 2803 563 2854 pugna
573 2787 615 2838 illa
625 2787 692 2855 pacis
726 2794 752 2836 et
761 2787 900 2836 interventu
911 2783 1030 2852 pendebat
1040 2800 1047 2847 ;
1065 2783 1113 2834 nisi
1123 2783 1231 2835 Bacchus

187 2862 298 2935 bellique
312 2868 404 2920 arbiter
418 2866 531 2922 extitisti.
539 2897 574 2906 -
582 2885 632 2938 per
645 2885 690 2918 ur-
726 2867 906 2932 intrrroniuct,
916 2865 968 2916 uult
979 2866 1070 2929 dicere,
1080 2867 1174 2919 diutius
1189 2867 1231 2919 ills

186 2946 277 3030 duum,
286 2949 688 3022 peraerem‚dt’cltipcc.-sinpe'a,
726 2965 806 3019 pugna
816 2951 927 3004 durasset
936 2970 944 3014 ;
956 2967 1004 3020 quo
1011 2951 1111 3019 quidem
1124 2951 1188 3004 uihil
1198 2951 1229 3004 ad

186 3034 296 3086 mortalis
304 3036 371 3088 enim
381 3047 465 3090 contra
474 3037 549 3088 deum
564 3053 690 3102 assurgens
725 3034 778 3099 ejus
794 3035 908 3086 virtutem
930 3034 1040 3086 bellicum
1058 3035 1228 3087 declarandam

188 3117 687 3186 impiumscelusoommittit.-lllsoetum,
724 3117 773 3168 dici
792 3116 872 3184 potuit
892 3117 996 3183 grauius.
1016 3115 1119 3166 Mediiss
1139 3117 1229 3183 igitur,

186 3216 261 3252 unum
271 3201 568 3269 eGigantibus.—leom's
578 3202 689 3272 singuiis,
725 3212 754 3253 ut
763 3203 826 3270 apud
835 3201 933 3254 Graecos
946 3199 1055 3269 psalm,
1073 3209 1110 3250 est
1125 3201 1228 3264 arbiter,

186 3279 278 3336 tend.
293 3286 366 3337 analo
374 3321 382 3345 ,
400 3287 512 3356 sequitur
526 3285 618 3337 Noster
630 3301 687 3348 eos,
725 3284 779 3348 vel,
791 3295 819 3336 ut
829 3287 874 3337 hnc
886 3303 943 3336 roce
957 3293 1022 3344 utar,
1035 3282 1170 3346 mediator,
1186 3301 1229 3336 oo-

184 3366 228 3434 qui
246 3367 366 3422 Bacchum
388 3371 415 3422 in
433 3371 527 3422 leonem
545 3383 687 3421 conversum
724 3361 1229 3432 demsensut⁷irgt1.AEnetn.v1t,ccc:

184 3459 269 3502 contra
277 3450 395 3518 Gigantes
407 3469 514 3521 pugnare
525 3453 634 3504 tradunt.
646 3451 689 3502 Si·
726 3467 740 3496 s
805 3449 859 3518 paci
870 3449 975 3499 medium
989 3461 1015 3496 se
1023 3447 1108 3496 olicrt.
1121 3466 1133 3492 n

186 3532 281 3585 militer
296 3535 402 3588 Bacchus
417 3548 502 3590 eontra
517 3537 625 3588 latrones
641 3551 691 3602 pu·
762 3545 806 3586 99,
818 3532 953 3598 Vulgarum
963 3531 1125 3582 sententium:
1138 3529 1231 3598 «Tibi,

97 3677 100 3681 .
184 3629 262 3681 8⁰⁰¹ss
272 3619 335 3686 *pud
344 3621 420 3674 Hom.
433 3620 508 3690 llym.
524 3621 550 3672 in
563 3620 651 3672 Bacch.
663 3636 687 3669 u.
726 3625 754 3666 ut
764 3616 853 3681 insigni
866 3616 921 3676 deo,
932 3614 996 3682 apud
1009 3613 1100 3662 inicius
1110 3611 1170 3664 adeo
1179 3630 1230 3665 ma-

186 3709 232 3763 ss,
247 3701 323 3754 leonis
337 3707 443 3773 speciem
458 3705 567 3757 induisse
580 3704 688 3769 lingitur.
725 3714 785 3764 gnus
794 3701 872 3750 honor
880 3699 1019 3762 statuitur,»
1027 3695 1121 3760 egregie
1128 3713 1231 3747 exorna-

222 3795 265 3838 stt.
287 3785 390 3840 Chersis
401 3801 452 3858 opt.
464 3801 488 3840 er
497 3787 565 3859 jocis
576 3784 633 3836 tud.
645 3785 691 3835 de·
727 3781 770 3831 tit.
779 3781 904 3845 —Fingit
916 3777 1161 3849 ncmpeCerberum,
1175 3779 1232 3832 bel-

183 3867 310 3940 signatur,
332 3882 361 3924 ut
378 3872 442 3924 bene
460 3871 572 3923 observat
589 3865 690 3920 Ith'tsch.
729 3863 792 3916 luam
813 3865 874 3916 alias
896 3863 1070 3924 sevissimam,
1092 3861 1178 3912 Bnochi
1202 3861 1232 3912 nd

184 3949 291 4004 Bacchus
302 3953 432 4024 χοριυτὴς,
446 3951 599 4024 ὶγερσίγιλως
614 3961 639 4003 et
652 3967 692 4016 qt·
729 3947 821 3999 inlesos
836 3947 959 3998 uenientis
973 3945 1087 4012 adspectu
1100 3945 1160 3997 adeo
1175 3963 1233 4013 per-

184 4034 335 4106 tusi-spus.
348 4069 382 4078 -
397 4035 444 4090 scd
463 4055 507 4106 pro
523 4057 528 4086 :
549 4046 647 4096 tamen,
667 4043 695 4086 ut
729 4047 824 4083 cussum
834 4045 902 4088 csse,
917 4027 1053 4080 utcsudum
1066 4029 1233 4083 movendoqu-

263 4144 321 4182 ιωι.
338 4149 356 4182 t.
1047 4117 1088 4188 16
