2894 4558
244 366 313 452 43,
524 365 566 454 Q.
594 365 800 436 nostru
824 368 1000 440 rutuct

338 509 485 578 Omnem
503 505 633 602 redegit
649 503 765 578 Idibus
782 507 977 602 pecuniam,

433 626 563 716 Quaerit
579 622 736 696 Calendis
752 647 889 719 ponere.
1247 643 1289 698 7⁰

240 825 278 878 illi
294 825 359 895 apud
377 824 499 880 llomsnos
515 827 633 896 cujusque
650 827 742 880 mensis
777 845 802 878 r.
812 837 860 878 sss
871 846 877 876 ι
890 843 903 872 s
914 825 987 878 Dives
996 824 1070 893 agris,
1079 825 1148 879 diues
1155 827 1245 897 possiu
1257 827 1287 880 in

239 911 293 965 dies
304 912 382 974 fuere,
391 911 483 980 quibus
494 910 596 979 pecunia
604 910 643 962 rel
654 909 742 963 foenori
777 909 869 963 foenore
886 909 1013 974 nummisp
1024 930 1038 958 s
1058 919 1085 961 et
1100 909 1137 962 sic
1151 911 1216 978 apud
1228 909 1283 964 Cic.

237 995 394 1063 duretur-,rel
406 996 494 1048 faenori
504 995 561 1046 dats
573 995 739 1061 redigereturr
776 993 853 1045 Verr.
869 993 928 1058 111,
943 1003 992 1045 'tor
1006 1012 1020 1040 s
1030 1009 1106 1061 quum
1120 993 1202 1062 possis
1219 1005 1287 1045 esset

237 1081 296 1134 ltine
311 1097 361 1132 non
373 1075 495 1130 Galrndoe
510 1087 604 1130 tuntum
620 1077 741 1130 debitori·
772 1077 1286 1149 peruntiaapudettstocietutes,unrleerut

236 1167 298 1232 bus,
314 1173 343 1217 ut
356 1163 448 1217 Noster
462 1163 523 1215 infr.
541 1162 593 1214 Sat.
607 1162 637 1228 1,
653 1173 683 1228 t,
695 1172 739 1230 st,
775 1161 908 1222 attribute,
922 1157 988 1212 binis
998 1159 1139 1212 centesimis
1151 1159 1285 1212 feneratus

235 1247 306 1310 dicit,
315 1247 485 1311 vutrsluore,
495 1245 538 1298 ted
548 1242 701 1304 etiamldus,
712 1255 740 1296 ut
775 1253 822 1296 est.
837 1264 851 1292 o
871 1241 985 1296 Gallioe:
1005 1255 1155 1313 eutprrrrrtrr·
1172 1241 1190 1294 «t
1210 1239 1284 1294 deser

235 1329 350 1384 Catilinae
356 1370 363 1397 ,
380 1331 420 1382 cui
440 1327 529 1382 Cicero
546 1330 571 1380 in
586 1325 657 1382 Orat.
672 1329 699 1395 1,
713 1331 739 1382 iu
772 1345 843 1398 pour·
853 1339 913 1379 cent
921 1343 974 1398 par·
987 1327 1059 1378 mosi.
1078 1325 1119 1379 stc
1133 1327 1197 1396 apud
1207 1325 1283 1379 Gra-

166 1469 169 1476 ,
235 1413 557 1481 Catil.o.u,olortunarum
567 1411 741 1480 minospnoxi-
775 1430 815 1466 uos
829 1411 935 1476 βάλλειν,
953 1407 1123 1476 seruatur,
1140 1412 1283 1478 rohardo

236 1497 283 1548 mis
290 1496 377 1548 Idibus
387 1494 548 1563 impenderes
558 1491 743 1564 uit-redegit
774 1497 866 1566 quibus
881 1497 956 1560 title,
970 1512 1044 1566 quem
1059 1493 1162 1548 Moses.
1183 1495 1281 1560 laudat,

231 1579 386 1652 putrentium,
398 1595 412 1632 a
425 1579 580 1630 debitoribus
591 1594 646 1630 cunt
658 1579 741 1630 usuris
779 1579 884 1650 Taylor.
897 1579 927 1632 sd
940 1581 999 1649 Lys.
1012 1595 1039 1648 p.
1058 1589 1118 1632 tto.
1138 1579 1224 1648 tuque
1240 1580 1283 1632 ille

234 1681 370 1734 expressum
382 1661 554 1728 accumulavit,
567 1661 593 1714 in
608 1679 685 1713 unum
700 1679 741 1714 re·
776 1653 882 1730 Alphius
893 1663 959 1715 inter
972 1663 1131 1715 foeneratores
1140 1651 1283 1716 notissimus

233 1747 312 1799 duxit.
327 1744 379 1798 Alii
394 1763 438 1814 pro
450 1743 563 1814 redegit,
574 1744 659 1798 volunt
673 1746 740 1798 refe-
776 1745 815 1796 bis
828 1763 872 1812 per
882 1763 990 1798 mensem
999 1763 1054 1798 curn
1064 1756 1129 1798 sorte
1138 1747 1282 1798 centesimas

232 1833 285 1901 git,
300 1831 342 1881 sed
355 1830 426 1880 male.
439 1826 506 1880 vide
516 1828 582 1880 Plin.
597 1827 677 1897 Epist.
687 1826 739 1892 lll,
776 1829 888 1894 exigebat
896 1828 1013 1881 Calendis
1022 1839 1048 1880 et
1057 1829 1161 1895 ldibus3
1175 1839 1200 1880 et
1211 1847 1282 1898 pecn-

236 1927 295 1968 tt:o
307 1913 362 1966 Jam
381 1913 520 1978 sestertium
535 1913 680 1982 quadragies
698 1929 738 1964 re-
775 1909 841 1962 niam
850 1927 924 1980 quam
935 1911 1022 1964 Idibus
1031 1913 1281 1982 recuperatorum

232 1997 304 2066 degi,
316 2019 330 2047 o
347 1996 430 2051 Cicer.
446 1996 555 2049 Divinut.
575 1997 601 2047 in
613 1995 645 2062 Q.
656 1993 736 2048 Carci-
773 1994 910 2062 eoipsodie
918 1994 1003 2046 foenori
1011 1997 1282 2064 ponebat,utCalendis

233 2083 293 2134 lium
306 2094 348 2135 tt:
362 2080 481 2134 «Deinde
490 2079 554 2132 bona
562 2078 655 2146 rendit,
665 2095 737 2148 pocu-
772 2079 892 2147 proximis
909 2095 996 2131 norum
1013 2097 1112 2132 usuram
1131 2083 1278 2152 perciperet.

234 2168 300 2220 nium
312 2167 412 2234 redigit3
426 2187 439 2214 o
454 2175 479 2218 et
491 2164 587 2218 infinita
597 2164 662 2227 alia3
678 2162 737 2214 dum
772 2162 812 2214 Sic
822 2163 886 2232 apud
898 2181 941 2214 nos
950 2165 1030 2216 acrius
1039 2177 1114 2232 agunt
1122 2169 1216 2220 sordidi
1224 2170 1281 2238 qui·

231 2261 315 2306 eontra
332 2269 363 2304 ne
376 2249 453 2303 ullum
466 2250 567 2320 quidem
583 2247 737 2316 exemplum,
773 2245 828 2298 darn
853 2246 1012 2312 tomtttones,
1034 2250 1085 2320 qui
1097 2249 1233 2320 preferred
1255 2251 1281 2303 lu

232 2337 276 2389 ubi
285 2336 399 2406 relegere
405 2333 543 2405 pecuniam
553 2333 658 2394 dicatur,
670 2331 738 2381 inre-
771 2330 845 2400 petite
860 2331 988 2390 semaiae,
1006 2330 1176 2394 o'est-d-dire,
1193 2335 1281 2386 tcm-

234 2421 315 2472 uiunt.
339 2418 494 2488 Quapropter
515 2415 611 2484 redegit
632 2415 739 2466 libenter
773 2409 952 2483 quante-deux
959 2427 1280 2486 pouroerttporamturs-

233 2503 322 2570 accepi.
333 2499 560 2570 En.-pecurrr'am
571 2513 666 2566 ponere
677 2513 736 2564 pro:
774 2493 816 2546 dis
829 2514 880 2568 que
891 2497 1153 2552 l'usurr'era'Horucr
1161 2502 1282 2571 prefatio

235 2583 322 2635 funeri
333 2583 409 2646 dure,
426 2581 461 2633 sio
478 2580 538 2632 infr.
551 2579 631 2648 Epist.
644 2579 674 2629 ad
684 2576 736 2630 Pis.
774 2579 962 2652 vingt-quatre.
976 2581 1025 2632 En.

271 2829 401 2882 Assoron.
420 2829 539 2888 llornines
554 2829 696 2884 divitiarum
712 2831 901 2898 colligendarum
919 2831 1052 2901 cupiditate
1068 2831 1216 2902 prepediri,
1231 2851 1283 2904 quo

233 2917 316 2968 minus
328 2913 444 2968 felicioris
454 2915 510 2968 rito
519 2916 715 2984 jucunditatibus
727 2919 897 2985 perfruantur,
909 2916 1011 2987 Alphii,
1030 2917 1182 2970 foeneratoris
1199 2919 1281 2985 cnjus-

233 3003 300 3068 dam,
312 3003 424 3072 erernplo
438 3005 572 3072 proposito,
582 3003 697 3056 declaret.
709 3004 829 3072 Alpinium
843 3007 922 3069 enirn,
933 3022 1047 3058 curarum
1060 3016 1086 3058 et
1096 3005 1151 3056 ritu
1163 3023 1211 3056 suae
1225 3022 1280 3056 mo-

233 3090 339 3143 lestioris
348 3101 490 3160 pertesum,
501 3091 535 3142 ita
544 3091 575 3142 de
585 3091 641 3141 vitre
653 3091 758 3154 rusticae,
771 3090 810 3142 oui
822 3108 848 3143 se
861 3101 1044 3144 consecraturus
1056 3101 1119 3157 erat,
1130 3091 1245 3143 felicitate
1253 3100 1282 3142 et

230 3175 384 3242 jucunditate
400 3177 426 3228 in
444 3178 490 3228 boc
504 3176 612 3228 carmine
627 3177 766 3245 loquentem
780 3175 889 3244 inducit,
902 3188 930 3228 ut
943 3177 1013 3229 illum
1026 3179 1094 3230 omni
1111 3178 1203 3229 foenore
1214 3193 1280 3230 nunc

235 3263 307 3331 plane
318 3264 422 3315 solutum
436 3263 553 3334 reliquam
565 3264 641 3315 ritum
656 3264 681 3314 in
692 3264 756 3331 agris
769 3273 944 3316 transactorum
962 3265 1038 3316 fuisse
1052 3273 1171 3333 putasses.
1181 3261 1279 3316 Verum

235 3349 301 3400 eninr
313 3367 371 3402 roro
382 3350 461 3402 bonus
472 3350 578 3419 Alphius
587 3365 692 3418 quoque,
704 3350 747 3419 qui
757 3349 897 3402 divitiarum
909 3349 1097 3418 colligendarum
1108 3350 1241 3418 cupiditate
1251 3366 1280 3401 se

236 3446 399 3488 transversum
411 3439 449 3503 agi
462 3447 594 3508 patoretur,
604 3436 676 3489 horno
688 3437 746 3488 fuit.
762 3437 826 3490 Num
842 3449 968 3507 postquam
980 3437 1148 3497 dulcissimum
1158 3435 1280 3488 illamru-

235 3524 370 3591 luptstem,
381 3539 436 3592 quae
452 3526 478 3576 in
495 3525 560 3590 agris
575 3523 612 3576 vel
628 3541 659 3575 ex
674 3524 763 3576 sitium
774 3533 799 3576 et
812 3526 927 3576 arborum
941 3525 1021 3590 eolus,
1031 3523 1069 3576 rel
1084 3523 1279 3591 exposcentium

231 3623 330 3676 gregum
340 3609 464 3678 adspectu,
474 3609 511 3660 vel
521 3626 551 3661 ex
561 3609 634 3662 molle
642 3609 776 3675 condendo,
786 3610 824 3662 uel
833 3627 865 3663 es
872 3611 960 3664 oribus
971 3609 1110 3676 tondendis,
1116 3608 1155 3660 rel
1162 3611 1279 3676 espomis

235 3694 336 3765 uvisque
350 3695 492 3762 carpendis,
504 3694 542 3744 rel
559 3711 589 3744 ex
601 3695 686 3762 suari,
703 3712 753 3764 quo
766 3697 822 3763 quis
835 3697 881 3748 sub
892 3696 988 3755 arboris
1003 3695 1091 3748 umbra
1106 3695 1137 3745 ud
1149 3693 1279 3745 salientem

236 3781 328 3834 fontem
339 3790 473 3848 prostratus
485 3779 587 3845 fruitur,
598 3781 659 3843 otio,
671 3780 709 3832 sel
721 3797 751 3832 es
762 3783 904 3846 venatione,
916 3781 954 3832 vel
965 3797 995 3833 ex
1007 3780 1111 3850 aucttpio
1123 3789 1170 3832 etc.
1182 3778 1279 3847 percipi

233 3865 320 3933 possit,
332 3876 390 3920 ante
400 3865 481 3920 oculos
493 3865 573 3932 posuit
583 3885 591 3931 ;
604 3877 731 3938 postquam
744 3867 965 3936 clementiamque
976 3867 1080 3919 rusticus
1090 3881 1145 3918 urm
1156 3873 1222 3916 uesta
1233 3880 1277 3916 sus

233 3951 334 4018 conjuge
351 3953 432 4004 virere
447 3951 523 4014 solet,
542 3951 683 4005 felicitatem
701 3951 843 4006 suavissime
854 3951 997 4020 descripsit,
1010 3951 1166 4019 hominisque
1175 3948 1278 4016 agrestis

234 4035 410 4100 frugalitatem,
422 4035 492 4104 longe
502 4038 620 4092 ditiorum
630 4039 763 4106 opulentiae
777 4037 952 4106 praeferendum
959 4077 967 4105 ,
980 4037 1095 4106 preclare
1106 4035 1231 4103 laudarit,
1244 4051 1277 4086 ue
