2952 4558
523 825 524 830 *
568 769 848 855 CARMEN
891 768 1008 852 XII.

597 1011 655 1066 nn
676 1007 970 1066 uncnusruu.
997 1096 999 1098 v

269 1230 304 1286 Se
313 1223 489 1284 celebrandis
498 1222 606 1298 maguis
615 1220 700 1278 rebus
710 1220 864 1295 imperem,
874 1217 947 1273 nihil
960 1216 1015 1273 nisi
1022 1213 1180 1296 [Licymniae
1196 1217 1304 1292 puleri—

534 1322 660 1378 tudinem
674 1337 776 1376 canere
788 1335 869 1394 posse
883 1314 1043 1392 profitetur.

363 1537 475 1606 Nonis
490 1533 589 1628 longa
604 1531 683 1600 serae
695 1528 782 1598 bella
796 1531 1001 1620 Nsunautiae,
1021 1531 1022 1535 ’

365 1655 437 1725 Nec
450 1651 570 1722 durum
582 1646 823 1736 Hannibalem,
836 1672 897 1715 nec
911 1643 1058 1716 Siculum
1070 1671 1164 1716 mare

361 1773 464 1841 Poeno
477 1781 680 1864 purpureum
696 1767 873 1860 sanguiue,
891 1763 1046 1848 mollibus

554 1885 673 1981 Aptari
688 1884 822 1954 citharae
835 1882 944 1953 modis
957 1910 964 1952 :

300 2129 326 2168 t.
345 2116 435 2168 Sensus
452 2123 477 2166 et
497 2113 672 2164 sententiarum
690 2127 766 2162 nexus
801 2109 896 2163 minore
907 2108 987 2162 delete
999 2117 1053 2172 est;
1064 2107 1113 2159 sid.
1125 2106 1192 2158 Flor.
1205 2106 1242 2172 ΙΙ,
1254 2118 1303 2176 ¹83

263 2209 300 2252 est
312 2199 363 2249 iere
374 2199 433 2266 ¹¹³⁰ss
450 2195 658 2263 Quemadmodum
669 2192 711 2245 vix
722 2211 766 2245 eu-
801 2194 891 2246 Vellei.
904 2193 942 2259 11,
954 2204 979 2259 t,
991 2203 1005 2244 s
1016 2212 1022 2260 ;
1033 2191 1128 2256 Strabo,
1136 2189 1187 2256 ΙΙΙ,
1199 2207 1225 2258 p.
1237 2201 1301 2244 m.

263 2280 330 2348 pias,
339 2289 367 2328 ut
377 2278 415 2330 rel
426 2277 516 2329 bellum
529 2277 718 2344 Numantinum,
728 2273 766 2327 uel
802 2278 913 2350 -seroe,
922 2277 1074 2329 referendum
1082 2275 1183 2327 iortame
1192 2291 1229 2340 eo,
1236 2276 1304 2344 quod

262 2359 326 2412 bella
345 2358 454 2424 Punica,
474 2357 513 2410 rel
532 2359 692 2426 Lapitharum
711 2373 765 2410 oum
801 2361 854 2427 ejus
864 2358 957 2424 imolen,
970 2367 997 2410 ut
1006 2359 1081 2410 trudit
1089 2357 1206 2410 Flornsl.
1219 2358 1238 2412 l.
1251 2362 1302 2413 uin

261 2444 391 2496 Centauris
409 2457 530 2511 pugnam,
548 2440 586 2492 vel
602 2441 765 2507 Gigautoms-
801 2446 913 2497 ultimam
922 2445 1013 2496 rabiem
1024 2443 1302 2516 lummmqueoonversi,

260 2528 351 2592 chiam,
359 2537 431 2595 poeta
440 2525 520 2578 tenuis
528 2535 611 2592 cauat;
622 2526 657 2578 ita
666 2541 711 2576 neo
721 2542 765 2576 cu-
799 2529 871 2580 duoes
882 2543 939 2579 suos
948 2543 1021 2595 seque
1035 2527 1193 2595 patriamque,
1204 2527 1269 2580 ferro
1277 2537 1303 2578 et

187 2660 190 2672 ,
261 2625 320 2680 pere
332 2619 400 2678 potes
407 2646 415 2676 ,
428 2618 457 2660 ut
469 2625 513 2675 ego
522 2608 675 2660 simillimum
691 2625 764 2676 argu-
800 2627 892 2663 veneno
903 2611 1058 2679 subjectoque
1067 2608 1175 2678 undique
1185 2609 1302 2677 igni‚pe-

260 2701 386 2758 mentum,
404 2707 443 2742 res
457 2701 535 2758 gestas
546 2707 634 2760 nempe
647 2690 761 2760 Augusti,
798 2703 930 2746 uenerunt.
944 2713 958 2742 a
969 2690 1115 2752 -durum,
1125 2702 1168 2744 aut
1178 2709 1267 2744 serum
1277 2702 1303 2745 et

257 2775 311 2846 lyra
328 2791 395 2842 mea,
411 2775 564 2828 mollioribus
577 2776 655 2828 modis
669 2786 762 2828 tautum
798 2778 1019 2844 reformidandum,
1034 2786 1077 2828 sut
1093 2775 1197 2844 laboris,
1216 2777 1301 2844 lamis,

259 2869 332 2928 spts,
348 2858 484 2926 oelebrem;
503 2867 529 2910 tu
545 2860 596 2928 ipse
607 2860 673 2912 euim
686 2859 762 2913 multo
796 2861 883 2914 caloris
907 2861 1052 2930 frigorisque
1076 2860 1300 2928 patientissimum

259 2943 346 2995 melius
354 2942 551 2995 solutaumtioue
562 2952 609 2994 tum
619 2942 762 3012 preliadu-
796 2945 828 2996 de
837 2945 985 2998 Hannibalis
998 2945 1096 3011 iugenio
1111 2953 1147 2995 est
1161 2943 1226 2994 locus
1235 2941 1300 2994 elas-

256 3027 321 3096 gusti
335 3043 408 3098 quam
425 3027 478 3095 ejus
495 3026 630 3094 triumphos
646 3044 760 3097 expones.
797 3032 861 3084 sicus
876 3029 941 3100 apud
951 3030 1007 3082 Lis.
1018 3029 1097 3096 XXI,
1114 3026 1302 3094 s5designatnr

257 3139 292 3150 -
301 3110 420 3179 Expende
429 3125 477 3179 qua
489 3119 542 3162 arte
553 3109 689 3177 simplicem
702 3129 762 3164 sen·
797 3123 878 3164 autem
889 3111 1108 3180 perllanuibalem
1119 3109 1209 3163 bellum
1218 3108 1301 3176 Puni-

256 3193 357 3246 tentiam
373 3211 378 3243 ς
397 3211 410 3240 s
424 3191 497 3244 Nolis
508 3189 612 3258 Augusti
625 3192 761 3247 uictoriasa
796 3211 850 3246 eum
860 3195 1037 3248 secuudum-
1046 3193 1131 3246 Sieul.
1142 3209 1211 3244 mare
1220 3190 1303 3243 Poeno

168 3297 169 3300 ¹
255 3285 326 3344 poete
343 3273 411 3328 tenui
427 3274 544 3327 eelebrari
559 3293 572 3323 u
590 3277 758 3342 exornaverit,
791 3293 906 3347 purpur.
920 3294 995 3347 sung.
1011 3276 1120 3343 intellige
1136 3285 1183 3327 tres
1194 3273 1302 3326 nobilis·

254 3359 335 3412 allutis
353 3359 409 3412 aliis
426 3359 574 3426 argumentis
591 3358 757 3426 gravioribus,
795 3362 868 3413 simus
888 3361 942 3414 illas
966 3377 1057 3430 pugnas
1077 3358 1189 3421 navales,
1208 3355 1302 3425 quibus

252 3459 306 3512 qum
313 3460 327 3495 s
335 3451 407 3512 poeta
413 3442 481 3493 teum
489 3441 586 3494 tmetsri
595 3459 644 3494 non
653 3443 755 3510 possint.
794 3443 1009 3510 Carthaginienses
1019 3441 1115 3496 inbello
1120 3439 1214 3492 Punico
1220 3437 1302 3507 primo

253 3554 289 3566 υ-
299 3525 377 3596 longa
387 3525 455 3577 bellu
467 3525 547 3578 Num.
560 3555 595 3566 -
604 3527 756 3587 Numanae,
794 3529 825 3580 ad
833 3528 941 3581 Siciliam
951 3527 1009 3582 victi
1020 3536 1077 3581 sunt
1091 3543 1106 3578 a
1120 3524 1253 3589 Romanis,
1267 3521 1300 3575 C.

251 3607 378 3677 llispuuise
399 3608 590 3663 Tannonnensie
614 3611 674 3661 urbs
697 3611 756 3662 olim
791 3611 894 3680 Duillio,
903 3613 995 3680 Regulo
1003 3621 1029 3665 et
1037 3610 1150 3663 Luetstiu
1158 3606 1302 3661 Cstnlodu-

252 3692 414 3754 nobilissima,
427 3709 492 3761 que,
501 3709 576 3761 quum
588 3693 670 3762 plures
680 3709 756 3746 annos
791 3697 868 3748 cibus.
880 3725 915 3735 --
927 3696 1046 3748 melisius
1053 3695 1152 3764 Aptari
1162 3691 1221 3745 ealle
1232 3689 1300 3743 mod.

251 3773 296 3843 (in
307 3792 427 3828 annorum
440 3792 542 3829 numero
553 3777 681 3844 scriptores
694 3777 758 3829 iuter
792 3777 847 3828 uani
859 3777 890 3828 ud
900 3778 1029 3843 citharam,
1039 3794 1088 3846 que
1096 3777 1223 3830 mounes
1234 3773 1306 3830 modi

248 3874 276 3909 se
288 3858 436 3928 discrepent)
453 3859 586 3912 fortissime
595 3860 710 3912 Romanis
720 3877 757 3912 re-
794 3869 887 3910 tsntnm
903 3857 1026 3924 (earmina
1035 3859 1154 3912 amatoria
1166 3857 1238 3928 puts)
1252 3856 1300 3910 de-

249 3941 366 4008 misisset,
379 3941 475 3996 taudem
489 3958 503 3993 u
517 3942 630 4012 Scipione
639 3943 756 3997 Atriesuo
791 3941 921 4008 ducuntur,
935 3941 962 3992 lu.
974 3957 998 3992 e.
1012 3941 1094 3996 osuiu
1109 3949 1195 4010 mets,
1206 3955 1246 3994 res
1261 3938 1300 3993 ie—
