2834 4546
216 393 261 475 cl,
649 391 820 460 METRA

212 513 352 590 mimicos
372 523 617 591 Pherecratium
636 527 905 618 hapkthomimeres
924 528 1120 615 antispastico
1141 527 1258 613 generi

212 633 377 714 vindicet,
396 635 441 700 ita
458 635 584 700 scilicet
601 638 744 724 partitur
757 651 793 700 ut
811 635 980 724 epitritum
996 650 1149 724 quartum
1168 657 1260 700 com-

212 746 327 834 plicet,
338 767 414 811 cum
424 745 557 834 epitrito
567 746 675 834 primo
684 747 775 832 cujus
784 745 897 810 ultima
905 745 1027 814 deficit.
1041 743 1259 816 Amatores

213 873 323 937 vocat,
336 872 370 922 et
383 856 580 946 ἀσυνάρτητον
592 853 667 921 κατὰ
676 854 889 940 censemus,
902 857 979 948 quia
990 857 1177 925 trochaicam
1184 882 1260 948 pro

213 979 311 1031 tomen
338 965 459 1032 claudit
475 965 615 1030 Iamdioa
635 967 809 1032 conlecti.-
834 989 936 1056 quum
958 965 1008 1032 hae
1026 967 1257 1058 conjugationes

216 1075 279 1142 sibi
299 1091 412 1142 mutuo
430 1075 631 1140 adversentur.
655 1076 935 1165 Sesquiseptenorio
957 1075 1101 1162 clausula
1123 1059 1259 1154 dicitur,

214 1187 304 1276 quod
323 1185 428 1251 tribus
448 1185 630 1275 dissyllabis
648 1185 788 1275 pedihus
805 1187 937 1252 bisoctis
954 1185 1090 1252 accedat
1104 1186 1256 1274 semipes.

213 1279 381 1372 Ᾱνάπαισις
393 1299 448 1366 hic
466 1299 502 1366 id
517 1300 628 1368 valere
640 1301 772 1368 ridetur
783 1300 875 1390 quod
888 1301 923 1367 in
938 1301 1060 1367 Ionicis
1074 1276 1257 1372 Ᾰνᾰκλασις.

215 1415 280 1477 Pes
303 1411 393 1476 enim
412 1426 539 1499 septem
562 1425 749 1499 temporum
768 1426 802 1478 et
821 1434 881 1499 pes
901 1411 1047 1498 quinque
1071 1424 1260 1498 temporum

213 1516 308 1581 simul
329 1517 449 1604 sumpti
469 1533 592 1606 puncta
614 1517 795 1582 conficiunt
812 1516 1012 1584 duodecim:
1032 1533 1068 1582 ut
1086 1517 1260 1597 dioscorum,

214 1623 361 1712 quamvis
371 1622 495 1712 syllaba
506 1623 647 1705 deficiat,
659 1639 768 1690 tamen
778 1645 841 1714 per
852 1624 938 1690 hanc
947 1625 1107 1714 epiplocen
1117 1627 1208 1692 velut
1220 1650 1261 1693 ex
1396 1631 1397 1638 ’

215 1734 465 1823 repercussione
476 1739 583 1821 justos
597 1735 747 1802 absolvat
758 1759 926 1803 numeros.
948 1739 1030 1802 Post
1047 1736 1262 1826 asclepiadea

214 1843 294 1910 hina
307 1846 454 1934 ponitur,
469 1861 628 1935 sequente
641 1845 820 1938 Glycerio.
838 1851 875 1914 L.
894 1849 922 1929 l,
938 1846 1005 1916 Od.
1022 1852 1055 1926 5,
1069 1848 1121 1928 ll,
1135 1849 1191 1928 21,
1204 1849 1261 1928 23,

216 1967 250 2018 et
263 1957 299 2020 L.
316 1957 374 2033 Ill,
393 1953 459 2024 Od.
476 1957 509 2036 l,
526 1957 577 2022 13.

260 2083 293 2146 4.
324 2083 359 2147 S.
373 2086 416 2147 D.
431 2085 475 2148 D.
502 2083 689 2170 Glyoooium
709 2083 953 2170 octosyllobum5
974 2081 1104 2148 duobus
1124 2081 1265 2170 dactylis
1396 2145 1397 2154 ,

216 2191 403 2280 spondeum
416 2194 573 2281 praejacit.
591 2197 717 2258 Locum
733 2193 870 2258 sortitur
882 2191 970 2280 apud
984 2195 1098 2257 Horat.
1116 2191 1170 2257 vel
1187 2205 1265 2257 ante

217 2297 342 2384 singula
362 2295 589 2386 Asclepiaden,
609 2298 662 2363 vel
680 2313 757 2384 post
774 2297 854 2363 bina
872 2321 948 2365 cum
960 2297 1194 2378 Pherecratio,
1209 2298 1266 2364 vel

219 2405 364 2493 denique
383 2421 459 2494 post
474 2421 579 2471 terna.
594 2407 760 2493 Hemicpos
774 2404 906 2470 dicitur.
927 2405 1174 2474 Animadvertas
1187 2406 1269 2471 licet

221 2515 405 2600 Glycerium
417 2513 613 2579 Pherecrotio
622 2516 817 2603 promissum
828 2515 1174 2602 conficerePriapeium,
1185 2537 1269 2601 quo-

220 2622 323 2689 modo
339 2623 504 2690 Catullus:

344 2745 417 2800 llunc
427 2747 507 2798 lucum
519 2747 565 2798 tibi
576 2745 661 2798 dedico
671 2762 846 2815 consertoque,
860 2745 957 2814 Priape.

222 2849 263 2911 Et
276 2849 428 2936 Virgilius
440 2876 449 2915 ε

345 2962 393 3016 Cui
405 2979 454 3016 non
467 2965 546 3016 dictus
557 2963 633 3033 llylas
647 2983 707 3034 puer
718 2973 743 3016 et
754 2967 857 3018 Latonia
868 2965 959 3018 Delos?

268 3085 298 3147 5.
324 3082 503 3148 S.D.D.S.
522 3085 735 3149 Tetrometrum
742 3083 936 3174 dactylicum.
949 3083 984 3150 si
993 3083 1112 3149 desinit
1122 3084 1158 3149 in
1169 3107 1269 3174 spon·

222 3191 338 3274 deum,
351 3191 602 3259 Archilochium:
620 3194 672 3260 sin
688 3195 723 3260 in
738 3195 922 3283 dactylum,
935 3195 1145 3260 Alomaooum.
1164 3199 1267 3262 Hexa-

223 3305 321 3372 metri
334 3304 448 3391 Κάμμα
459 3302 610 3396 ἀρκτικὸν,
625 3329 665 3372 ex
683 3321 778 3396 parte
796 3307 967 3396 superiore
987 3329 1122 3374 versus:
1137 3302 1266 3396 δίμοιρον

222 3417 306 3490 ἔπους
313 3465 325 3497 ,
339 3417 400 3483 bes
413 3416 606 3484 hexametri.
619 3419 773 3486 Bucolico
787 3432 882 3497 torm
903 3420 938 3484 in
954 3435 1180 3485 tetrametrum
1192 3421 1268 3484 Alc·

223 3528 383 3606 manium,
400 3527 562 3615 pastorale
582 3549 715 3594 carmen
730 3526 925 3608 Theocrito,
945 3551 1043 3618 quam
1053 3528 1189 3616 Virgilio
1203 3529 1269 3595 fre·

222 3638 376 3728 quentius
389 3635 536 3701 caeditur.
551 3637 767 3724 Postponitur
779 3621 983 3703 hexametro.
998 3641 1034 3703 L.
1046 3638 1073 3716 l,
1085 3635 1152 3704 od.
1161 3639 1194 3716 l,
1205 3638 1266 3714 28;

223 3744 330 3835 Epod.
352 3747 402 3810 12.

267 3873 297 3934 e.
323 3869 590 3936 sessos.
610 3872 790 3948 ueroeam,
806 3873 907 3960 apos.
926 3873 1003 3948 ur,
1018 3867 1085 3936 oo.
1101 3825 1134 3946 i,
1147 3868 1204 3933 28.

252 3981 475 4084 ,premittitur
496 3995 686 4047 tetrametro
705 3980 856 4058 heroico,
876 3979 983 4068 Epod.
1007 3979 1066 4056 123*
1085 3975 1269 4065 penthemi-
1396 4033 1397 4036 ,
