2950 4548
436 416 528 483 ma.
557 416 592 501 1,
617 413 765 482 usam.
792 411 969 480 xxxiv.
1161 405 1226 479 153

333 557 479 624 Fortuna
498 575 574 622 cum
592 549 737 620 stridore
754 565 850 619 acuto
1193 545 1228 603 ¹5

381 665 539 756 Sustulit,
558 668 614 760 hic
631 668 780 762 posuisse
799 664 931 762 gaudet.

184 887 342 939 mmarorum
352 884 466 953 inprimis
476 883 581 951 insigne,
588 883 639 950 jam
650 882 688 952 (ut
722 902 748 952 p.
762 895 794 936 ³0
804 903 811 949 3
825 893 854 936 et·
865 883 939 949 infra,
953 882 999 934 lib.
1013 883 1063 949 111,
1073 881 1114 934 od.
1127 884 1174 948 ³9,
1183 894 1226 936 tta.

186 972 249 1039 aputl
258 989 302 1023 nos
313 972 365 1023 iere
373 969 476 1038 comm)
488 987 532 1037 pro
546 969 599 1038 ipso
609 969 688 1038 imps-
723 967 899 1034 Quamvishaso
904 967 1046 1020 adornatmu
1054 967 1132 1020 solum
1137 967 1229 1034 adjoota

186 1055 420 1115 rio—Fortuna,
437 1054 497 1121 dea,
513 1054 582 1120 nujus
601 1071 690 1106 munus
725 1050 787 1102 mihi
797 1051 935 1114 rideantur,
943 1061 1023 1103 tamen
1032 1067 1080 1104 nou
1088 1050 1230 1103 indoctam-

186 1149 296 1192 venatur
305 1138 331 1190 in
339 1137 500 1208 exsequendis
507 1145 533 1189 et
539 1136 693 1206 perficiendis
727 1134 816 1203 spicari
829 1135 946 1204 potueris,
960 1135 1001 1188 hio
1011 1152 1026 1188 a
1035 1135 1127 1188 Nostro
1137 1135 1231 1202 signiti-

188 1221 292 1290 iis,qun
303 1238 335 1274 ex
345 1220 434 1272 summi
444 1221 484 1272 dei
494 1219 598 1272 consilio
605 1218 693 1287 cuique
727 1221 778 1271 cari
796 1219 881 1271 turbas
895 1236 923 1272 uo
936 1220 1066 1286 tumultus,
1080 1220 1124 1289 qui
1139 1219 1233 1273 subitas

186 1305 283 1357 homini
293 1305 392 1357 dumeta
401 1313 467 1356 sunt.
479 1331 515 1342 -
523 1318 616 1372 rapax,
629 1301 695 1354 rsisr
730 1304 888 1372 imperiorum
898 1304 1066 1356 oontersionss
1074 1306 1231 1358 comitariso-

186 1385 217 1437 ul
226 1387 300 1454 hujus
307 1387 359 1439 deu
366 1385 517 1439 violentiam.
525 1401 627 1435 -cum
636 1384 694 1434 stn’-
729 1388 789 1440 lent.
803 1386 871 1439 Vide
881 1387 962 1440 Ciosr.
980 1386 1050 1439 Orat.
1067 1387 1094 1438 in
1106 1385 1180 1440 Catil.
1195 1388 1231 1455 11,

185 1467 693 1539 donwumpmtlnnimgodeaeeum
734 1471 1125 1538 so;etadAu.11‚s:senac.
1138 1471 1229 1540 Qumst.

186 1553 280 1624 inpetu
299 1555 449 1622 ulrolantis,
460 1564 487 1606 et
501 1553 595 1606 alarum
612 1553 692 1619 agita·
728 1553 789 1607 Nat.
803 1555 856 1620 ΙΙΙ,
867 1555 937 1623 prasi.
951 1555 1026 1608 Silius
1037 1556 1092 1607 Ital.
1106 1557 1150 1608 lib.
1162 1557 1188 1623 1,
1200 1569 1229 1608 ¹1:
1245 1591 1246 1594 κ

186 1638 254 1692 tione
268 1655 363 1706 gravem
382 1640 511 1693 stridorem
526 1639 640 1702 sdeutis;
659 1638 691 1689 ds
728 1637 992 1706 stStatius,Silr.lV,
1005 1640 1234 1701 mom-sustulit
1317 1629 1319 1632 ¹

187 1722 315 1784 Fortium,
327 1721 375 1774 dea
388 1722 473 1780 alata,
485 1721 535 1772 rid.
550 1719 688 1773 Commeat.
729 1718 877 1790 (ἀορίστως)
889 1720 987 1774 auferto
997 1719 1068 1774 solat.
1076 1725 1234 1791 -posursse

187 1805 294 1862 mutar.
309 1807 465 1878 mauganibus
478 1803 586 1874 (Gotho,
601 1806 692 1871 1786),
727 1820 786 1871 pro:
800 1803 951 1872 imposuisse.
1084 1795 1089 1814 ‘

223 2133 354 2190 Asamus.
376 2137 509 2203 Horatius,
525 2155 615 2208 quum,
635 2137 742 2205 nepsam
759 2137 860 2188 deorum
875 2136 956 2202 cultu,
972 2145 1064 2187 temera
1078 2151 1175 2201 sorum,
1191 2138 1235 2206 qui

189 2221 281 2274 nullam
293 2222 352 2275 dsos
363 2238 446 2275 rerum
455 2222 616 2274 humanarum
629 2238 713 2274 suram
726 2221 818 2274 habers
828 2227 979 2287 statuerent,
989 2220 1133 2287 sapientiam
1141 2231 1236 2273 assutus

188 2317 264 2374 asset,
279 2308 364 2360 audito
376 2317 478 2376 repente
489 2307 516 2359 in
529 2309 588 2360 caelo
602 2323 688 2360 sereno
700 2307 792 2359 tonitru
807 2322 834 2357 ss
847 2305 907 2357 adso
919 2304 1056 2374 perculsum
1073 2321 1126 2358 esso
1138 2315 1235 2370 narrat,

189 2397 343 2449 utdiviuitus
351 2397 422 2467 quasi
432 2397 539 2449 monitus
551 2397 634 2448 statim
646 2397 678 2448 ab
691 2397 767 2466 impia
778 2395 825 2447 ista
834 2394 911 2447 animi
922 2395 1080 2463 perversitate
1089 2395 1120 2447 ad
1128 2405 1235 2448 mentem

189 2483 308 2535 nniorsm
328 2483 410 2535 rsdire
422 2481 530 2550 ooeperit.
552 2483 581 2534 ln
594 2483 639 2534 hac
655 2499 716 2534 nora
732 2481 821 2548 igitur,
836 2480 894 2532 daos
909 2480 1010 2532 omnino
1027 2482 1138 2550 assequi
1153 2483 1236 2533 omnia

190 2567 338 2635 whsmsnt,
356 2567 529 2637 persuasione,
544 2569 678 2621 sententias
692 2569 723 2620 de
739 2567 823 2620 divina
836 2567 862 2619 in
874 2585 913 2619 res
924 2569 1044 2620 humanas
1055 2568 1163 2637 potentia
1174 2567 1236 2619 sub-

191 2656 272 2723 jungit
282 2659 442 2724 gravissimas.
454 2687 490 2696 -
500 2657 556 2710 Jam
569 2675 628 2710 vero
636 2673 711 2727 quum
722 2657 856 2721 Horatius,
867 2657 977 2726 quamvis
992 2657 1017 2708 in
1027 2656 1119 2708 nullius
1128 2657 1237 2724 magistri
1277 2649 1284 2662 ⁸

192 2743 267 2796 verba
279 2747 317 2809 (ut
326 2745 376 2814 ipse
386 2747 476 2798 fatetur
492 2746 539 2798 ini.
552 2746 633 2815 Epist.
646 2749 671 2812 1,
685 2759 708 2812 t,
722 2749 764 2812 ta)
775 2748 908 2814 juraverit,
923 2747 949 2796 h.
964 2763 987 2797 e.
1001 2745 1063 2799 nulli
1076 2747 1236 2817 philosophias

118 2863 125 2872 -
192 2838 262 2882 sacta
272 2830 343 2882 ιωὶεο
353 2832 461 2884 addictus
472 2833 556 2899 tuerit,
566 2831 742 2900 Epicureorum
754 2841 834 2884 tamen
849 2830 946 2901 piacita,
956 2832 987 2883 ad
997 2834 1053 2883 ritu
1060 2834 1236 2900 jucunditatem

191 2924 217 2966 et
227 2914 373 2984 voluptatem
382 2917 525 2985 spectantia,
534 2917 642 2970 studiosa
650 2917 776 2988 amplexus
784 2920 817 2970 sit
825 2936 833 2982 ;
842 2917 956 2988 aquidum
967 2917 1037 2970 iiluna
1048 2937 1096 2971 non
1107 2929 1156 2971 tam
1165 2919 1237 2986 abju-

190 3017 244 3052 rare
252 3001 397 3071 Epiuaoeam
407 3003 587 3072 philosophiam
597 3013 623 3056 et
632 3004 662 3056 ad
673 3003 779 3057 Stoicam
790 3022 816 3055 se
825 3015 973 3070 convortere,
982 3007 1019 3058 rel
1030 3006 1090 3058 adso
1100 3005 1237 3058 Stoicorum

189 3086 342 3157 disciplinam
358 3090 485 3142 traducam
498 3095 508 3156 (
520 3091 722 3160 quodnonnulli,
736 3101 764 3143 ut
781 3091 885 3143 aliorum
901 3093 1006 3159 argutias
1023 3103 1127 3157 taceam,
1144 3093 1237 3161 opinati

190 3179 276 3241 sunt),
287 3177 330 3227 ssd
342 3192 437 3242 gravem
451 3177 520 3229 illum
533 3177 709 3246 Epicureorum
725 3196 847 3244 errorem,
859 3177 919 3231 daos
935 3177 1236 3248 nilsr'lcumreihomriws,

191 3257 235 3311 hoc
245 3261 367 3329 praecipuc
377 3273 533 3328 argumento,
548 3263 613 3330 quod
624 3263 771 3314 horrendum
787 3265 812 3315 in
824 3265 881 3316 oelo
891 3282 952 3332 puro
964 3264 1073 3315 auditum
1084 3264 1117 3314 sit
1131 3265 1238 3328 tonitru,

190 3344 259 3411 quate
268 3346 294 3397 in
304 3345 365 3398 casio
374 3364 437 3415 puro
446 3347 527 3399 audiri
535 3365 605 3416 posse
615 3349 662 3416 ipsi
671 3365 766 3420 quoquo
775 3351 891 3419 Epicurei
904 3347 1068 3418 (Lucratvl,
1080 3359 1132 3401 sss
1143 3361 1168 3400 et
1177 3349 1238 3416 sat)

192 3433 323 3501 raphat,
338 3435 453 3488 retettere
463 3435 568 3490 voluisse
580 3439 703 3490 existimo.
