2990 4556
710 95 738 159 Ο

246 369 330 450 urs
535 335 578 421 Q.
604 329 811 400 HORATII
835 322 1009 396 FLACCI

356 479 495 562 Cantus,
510 493 563 538 nse
576 463 805 535 voluitdiccre
819 457 965 529 lucidum

357 589 530 685 Fulgentes
545 582 674 674 oculos,
689 597 723 651 et
734 581 820 650 bene
834 577 956 647 mutuis

453 716 458 721 '
545 698 663 769 Fidum
678 709 791 791 pectus
803 689 989 762 amoribus:

358 827 469 914 Quam
483 844 543 889 nec
558 819 644 887 ferre
657 813 776 909 pedem
790 808 945 880 dedecuit
957 803 1085 892 choris,

361 944 433 1014 Nec
446 954 576 1009 certare
587 936 682 1029 joco,
695 956 756 1000 nec
772 929 854 997 dare
866 924 1002 995 brachia

358 1056 544 1130 Ludentem
559 1049 673 1120 nitidis
687 1045 888 1143 virginibus,
903 1065 997 1112 sacro

549 1171 666 1239 Dianae
679 1163 819 1236 celebris
832 1161 897 1230 die.

359 1294 448 1367 Num
464 1305 515 1377 tui
529 1311 601 1381 quae
616 1283 721 1355 tenuit
736 1281 826 1349 dives
839 1277 1065 1361 Achaemenes,

263 1503 302 1547 est
319 1513 325 1544 z
346 1490 419 1542 Musa
435 1485 511 1540 voluit
528 1501 567 1538 me
583 1485 663 1537 dicere
680 1484 761 1536 dulces
796 1483 842 1533 bus
855 1478 970 1531 suentes
982 1475 1086 1526 invicem
1101 1485 1128 1522 se
1139 1467 1300 1536 excipiunter

262 1586 348 1631 cautus
362 1571 466 1626 domine
482 1569 623 1638 Licymniae.
642 1566 762 1620 Nonnulli
794 1563 874 1631 jocose
889 1562 953 1613 inter
967 1574 993 1610 se
1004 1563 1104 1608 certant.
1117 1579 1152 1590 -
1164 1549 1226 1602 dore
1239 1549 1300 1602 bm-

264 1661 349 1713 volunt
365 1653 512 1724 Licymninm
534 1651 602 1703 illam
622 1651 696 1703 luisse
714 1667 763 1704 non
798 1646 870 1710 elsin-
886 1643 951 1714 quod
966 1655 1076 1710 quoque,
1093 1651 1169 1706 ᾳιιιιω
1186 1633 1301 1686 saltantes

218 1805 222 1810 ¹
264 1740 361 1795 Horatii
372 1731 662 1798 amicam‚sedLiciniom
670 1732 764 1783 Teren·
799 1729 897 1783 brechia
914 1729 978 1779 iuter
992 1741 1018 1776 se
1036 1730 1148 1792 nectunt,
1164 1717 1202 1770 vel
1216 1734 1301 1769 manus

267 1825 341 1889 tiam,
353 1821 418 1873 inter
429 1833 512 1869 omnes
522 1814 730 1880 uenustissimam,
740 1823 777 1865 ct*
799 1815 902 1866 invicem
923 1810 971 1862 sibi
990 1808 1131 1876 porrigunt,
1148 1819 1202 1856 cum
1220 1801 1303 1870 lepore

266 1906 357 1960 amanti
367 1903 465 1972 jaujam
477 1899 606 1952 Maecenati
614 1898 766 1970 uqoremdu-
799 1895 902 1965 quodam
912 1892 965 1944 lieri
977 1890 1059 1942 debet.
1071 1916 1105 1925 -
1115 1883 1262 1944 tudensem,
1272 1884 1299 1934 h.

264 1989 374 2042 cendam.
393 1983 489 2052 Quibus
507 1982 613 2035 libenter
630 1978 763 2042 assentior,
801 1980 979 2041 oscitantem
993 1971 1089 2032 tudem,
1101 1982 1128 2023 ut
1139 1967 1229 2027 παίζειν
1239 1969 1302 2036 apud

265 2074 375 2144 quamvis
383 2070 446 2122 mihi
455 2076 571 2136 repugnet
579 2064 717 2129 Horatium,
726 2081 767 2115 sx-
801 2063 911 2129 Graecos,
927 2075 991 2128 sepe
1000 2073 1059 2128 pro:
1071 2056 1172 2122 saltare,
1181 2053 1232 2106 sire
1242 2055 1303 2105 cho-

267 2153 423 2226 quisitissiml
433 2150 520 2218 judicii
535 2159 630 2218 poetam
637 2184 645 2213 ,
657 2148 689 2199 de
701 2147 766 2198 Mer-
802 2139 1102 2202 reasducere.-nit1i11's,
1114 2141 1236 2205 eleganter
1243 2154 1305 2189 com·

267 2238 374 2302 cenatio,
383 2235 431 2286 viri
444 2236 470 2285 in
479 2233 581 2300 imperio
591 2229 766 2299 potentissimi,
804 2234 835 2285 tis
845 2241 870 2284 et
881 2229 982 2284 ornatis.
993 2256 1027 2265 -
1037 2242 1110 2278 eccm
1120 2224 1212 2274 Dianae
1224 2219 1302 2274 celeb.

268 2319 340 2372 amici
351 2318 389 2368 sui
395 2355 402 2382 ‚
413 2331 510 2384 sponsa,
519 2315 582 2365 levio
592 2315 634 2364 illa
643 2331 671 2364 ae
682 2329 767 2381 parum
802 2311 851 2374 Δία,
863 2313 945 2381 plures
954 2307 1085 2381 quotannis
1095 2307 1156 2372 dies,
1167 2303 1253 2357 niano
1263 2319 1305 2355 ss-

267 2395 768 2455 rererentiaentremorumversuumdixis·
803 2398 854 2460 tri,
869 2414 884 2448 s
900 2395 1051 2462 virginibus,
1069 2390 1190 2461 precipue
1205 2389 1306 2440 choreas

266 2503 292 2537 se
301 2505 308 2550 t
318 2499 379 2551 quos
388 2481 443 2532 vide
453 2489 479 2530 et
490 2479 520 2529 ad
533 2495 573 2530 eos
583 2476 765 2528 notatu-luc.
803 2479 911 2532 duoendo
922 2478 1049 2545 (Propon.
1062 2475 1115 2536 111,
1126 2484 1171 2534 ss,
1184 2467 1241 2537 so),
1254 2479 1305 2520 tsm

267 2566 326 2617 Ful.
339 2563 438 2631 ippotae
448 2559 623 2629 μαρμαίροντα,
632 2559 658 2608 in
667 2557 766 2626 quibus,
804 2563 829 2614 in
841 2555 916 2628 orbo,
932 2577 1004 2630 quam
1022 2560 1048 2611 in
1064 2559 1141 2624 agris,
1152 2571 1237 2622 magna
1249 2569 1305 2604 cum

267 2658 294 2699 ¹¹1
309 2645 427 2714 ejusmodi
443 2643 523 2695 0⁰³1&
537 2640 653 2702 dwibil
669 2639 764 2690 Tibull·
803 2644 888 2696 laetitio
899 2643 1017 2696 celebrari
1028 2641 1146 2694 solebant.

267 2731 316 2796 IV,
332 2741 414 2795 m,
430 2726 571 2780 «Accendit
581 2725 688 2792 seminas
703 2722 767 2775 lam·
840 2723 1136 2785 retinuissent.
1148 2719 1306 2774 induerimus

253 2814 339 2883 sintlffl
349 2829 404 2864 ΜΓ
413 2811 497 2863 Amr·
508 2831 521 2858 o
532 2839 568 2848 ···
579 2807 694 2860 lucidum
708 2823 764 2876 Ρῐῡῑ
806 2814 911 2881 interpp.
924 2813 949 2864 in
957 2828 1009 2863 eam
1017 2806 1306 2878 opinionem,utl.icym-

265 2898 353 2962 iulide,
365 2893 486 2952 nidulos,
495 2892 672 2964 lelpffrfidum
684 2889 770 2942 tidem
806 2899 872 2950 niam
881 2895 1024 2948 Maeoenstis
1035 2909 1134 2944 uxorem
1150 2890 1226 2942 luisse
1236 2888 1307 2939 arbi-

267 2981 338 3053 (inir.
347 2979 396 3040 111,
408 2990 451 3043 st,
461 2977 545 3045 er)‚et
559 2977 629 3044 plura
638 2974 768 3044 ejusmodi.
807 2989 939 3043 tranentur,
950 2976 1057 3028 dicentes
1071 2992 1076 3022 :
1092 2973 1148 3040 Quo
1160 2972 1232 3024 modo
1241 2970 1308 3022 Mse-

302 3073 344 3114 tt.
364 3060 481 3129 Sequitur
500 3057 663 3126 pulcherrima
684 3058 770 3127 puelle
806 3061 971 3114 connerinern
979 3057 1111 3126 Licymniae
1120 3055 1309 3122 ssnpretiosun

265 3146 327 3196 ffliffl
349 3159 404 3194 Μ
425 3142 542 3194 millite
562 3150 587 3192 ⁰1
608 3143 769 3194 concinnitate
803 3149 1019 3212 inobsequens
1028 3139 1143 3192 omnibus
1155 3137 1251 3189 divitiis
1262 3153 1309 3187 an-

153 3227 154 3232 ’
264 3226 375 3280 saltantis
384 3225 524 3292 descriptio.
534 3223 658 3288 —Quam
670 3241 716 3274 nec
725 3222 769 3276 de·
805 3235 944 3296 reponeret,
957 3225 977 3275 si
989 3223 1115 3294 Licymnia
1126 3237 1175 3273 non
1192 3237 1249 3286 sua,
1267 3219 1310 3272 sed

265 3310 358 3370 decuti»
369 3328 414 3380 per
423 3309 535 3363 λιτότατα
543 3325 587 3377 pro
599 3325 605 3356 ι
615 3323 688 3376 quem
698 3323 768 3373 egre·
804 3310 900 3364 Horatii
912 3309 987 3360 amica
1001 3305 1079 3358 iuret?
1088 3305 1138 3372 Qui
1147 3303 1309 3356 resedissen-

264 3397 303 3464 κίε
312 3396 408 3458 decuit3
420 3394 451 3446 de
460 3391 578 3459 ejusmodi
590 3390 670 3458 puella
681 3391 769 3442 suavis·
804 3393 883 3454 tium,
899 3393 933 3443 ita
947 3389 1086 3459 explicant,
1102 3387 1145 3439 sed
1162 3383 1243 3436 male!
1261 3383 1311 3436 llic

264 3483 327 3534 sime
335 3477 421 3532 Tibul.
432 3477 483 3540 tv,
493 3487 506 3527 'l
517 3494 524 3525 ι
537 3496 549 3524 u
560 3475 641 3538 illam,
649 3474 769 3543 quidquid
805 3474 895 3527 scilieet
908 3483 977 3542 poeta
989 3473 1105 3538 amatoplo
1119 3467 1208 3522 delirio
1217 3467 1309 3535 abrep-

176 3563 178 3568 ’
265 3567 324 3633 agit,
333 3561 537 3634 quoquovestigia
546 3560 630 3626 movit,
639 3558 771 3634 Comperit
806 3558 961 3627 tusaliquem
977 3555 1062 3608 omisit
1078 3553 1187 3604 idearum
1203 3567 1309 3612 nexum,

268 3647 371 3708 furtim,
390 3643 595 3712 subsequiturque
608 3643 688 3694 decor.
710 3662 723 3690 s
736 3669 770 3679 -—
805 3659 878 3710 quem
893 3643 929 3692 itu
941 3639 1071 3692 restitues:
1084 3634 1175 3688 Annon
1192 3635 1259 3686 enim
1269 3672 1276 3698 ,
1288 3633 1309 3685 si

255 3731 333 3802 serre
338 3725 438 3798 pedem
444 3725 584 3779 saltantium
592 3727 658 3778 enim
667 3743 706 3779 crs
713 3743 770 3796 prah
806 3723 972 3792 Licymniam,
984 3723 1006 3772 si
1020 3737 1104 3774 omnes
1117 3719 1170 3786 ejus
1182 3718 1310 3770 illecebras

265 3817 337 3886 cipue
360 3814 386 3865 in
407 3811 468 3862 scito
491 3811 656 3880 concinneque
680 3811 768 3878 pedum
805 3819 927 3870 nosceres,
940 3814 967 3854 ut
976 3821 1018 3870 ego
1028 3819 1115 3870 nosco,
1129 3802 1207 3870 ipsius
1216 3800 1309 3852 crinein

267 3907 335 3950 motu
346 3895 384 3947 vel
395 3893 490 3946 incessu
501 3893 616 3946 cernitur.
630 3923 664 3932 -
673 3905 769 3945 certare
804 3888 916 3943 omnibus
925 3888 1045 3940 thesauris
1056 3889 1133 3956 pluris
1143 3881 1250 3938 isoercs?
1260 3893 1306 3935 etc.

263 3982 336 4050 joco,·
343 3979 403 4032 varii
412 3979 511 4046 eogitari
521 3989 619 4047 possum
630 3979 707 4040 lusus,
716 3976 770 4047 qui-
806 4005 839 4012 -
846 3969 913 4023 dees
924 3971 1099 4032 Acherusius,
1112 3971 1207 4040 primus
1218 3970 1308 4021 Persa-
