3010 4556
484 412 577 480 oro.
604 411 681 498 ιιι,
707 406 857 478 otuu.
883 403 1042 476 xxvrr.
1214 403 1283 478 363
1372 481 1373 485 a

339 553 439 638 tttox,
457 549 516 617 ubi
533 546 611 618 lustr
628 548 726 617 saris:
744 547 937 635 Abstineto,

339 666 453 756 Dixit,
471 665 596 734 irarum
614 661 794 758 calidaeque
811 663 907 752 rixae,
1246 681 1282 737 70

282 862 284 870 ,
337 785 450 873 Quum
468 784 531 852 tibi
547 773 674 852 invisus
690 780 867 850 laceranda
883 779 1002 850 reddet

579 903 714 970 Cornua
731 913 856 968 taurus.

336 1023 431 1091 Uxor
448 1018 564 1089 invicti
580 1019 679 1104 Jovts,
692 1043 761 1088 csse
780 1017 908 1088 nescis:

336 1139 435 1208 Mitte
452 1136 636 1234 singultus:
653 1135 739 1236 hene
755 1135 845 1206 ferre
862 1161 1016 1232 magnam

338 1257 438 1326 Disce
456 1256 645 1326 fortunam:
666 1269 722 1323 tua
741 1268 849 1322 sectus
867 1251 959 1321 orbis

575 1372 723 1442 Nomina
742 1370 851 1440 ducet.

239 1592 378 1661 perdolata
393 1601 419 1643 et
430 1591 541 1642 fraudem
555 1589 667 1642 roto'rutu
683 1607 742 1641 ruo-
777 1587 864 1640 lentata
874 1586 1080 1654 translucentia,
1090 1595 1278 1658 quamspectan·

238 1676 644 1744 rumcompotesiactisunt‚ridere
652 1675 739 1729 soient.
776 1667 1278 1726 durociJovisamordederat.—colridoe.

237 1763 268 1813 In
280 1762 331 1814 risu
339 1771 420 1814 autern
428 1759 529 1832 perfido
540 1763 635 1828 egregie
644 1779 743 1831 expres-
776 1775 831 1828 quta
842 1757 947 1810 calidum
958 1759 1077 1821 animum,
1087 1765 1233 1812 commotum
1243 1756 1280 1807 in·

237 1861 290 1896 snut
302 1855 340 1897 est
351 1845 474 1912 ingenium
487 1842 612 1907 Veneris,
629 1862 699 1914 quas,
713 1855 741 1896 ut
777 1840 973 1907 dicu-Quum
979 1825 1027 1893 τιδι’
1032 1843 1081 1892 ιἠν.
1087 1853 1132 1894 etc.
1139 1841 1221 1908 Quum
1229 1851 1280 1892 tau·

237 1931 281 1984 dea
290 1931 443 1999 χαιρύιαιιος,
453 1947 468 1981 e
477 1929 612 1990 doloribus,
623 1947 684 1997 quos
694 1945 741 1996 m·
777 1943 818 1978 rus
829 1927 871 1977 ttte
881 1925 927 1978 tibi
940 1925 1104 1978 nuncimisus
1114 1926 1281 1993 suppeditabit

237 2017 436 2092 meroluptatem
445 2032 530 2084 capere
538 2014 608 2066 solet.
617 2013 740 2082 Hincsup,
776 2027 879 2074 cornua,
896 2027 951 2079 qua
963 2021 1015 2062 turn
1026 2010 1155 2076 dilaceres,
1168 2011 1189 2062 si
1200 2011 1279 2061 adhuc

236 2101 260 2163 1,
276 2113 319 2166 stt,
334 2102 475 2171 1³‚jocus,
486 2101 529 2168 qui
540 2098 635 2150 Veneri
648 2098 739 2166 piacet,
776 2096 869 2162 piccet;
886 2097 964 2162 jocose
979 2114 1040 2165 pro:
1060 2113 1134 2164 quum
1151 2095 1225 2156 dens,
1235 2096 1278 2164 qui

236 2186 424 2237 roevusdicitur.
438 2215 472 2224 -
484 2185 585 2234 ramoso
597 2178 647 2233 Fit.
663 2199 738 2241 areu,
775 2177 821 2230 sub
835 2189 904 2231 tauro
914 2179 981 2240 latet,
990 2199 1017 2232 se
1027 2179 1073 2231 tibi
1082 2179 1278 2246 conspiciendum

235 2269 342 2320 suaviter
358 2267 473 2338 Cupido,
495 2269 539 2337 qui
557 2267 630 2319 simul
650 2266 737 2330 adest,
775 2262 1003 2330 etaupisctendurn
1015 2263 1187 2332 pabebit-
1197 2258 1277 2319 Uxor,

236 2369 299 2404 nunc
310 2370 391 2406 arcum
402 2353 508 2404 taxatum
522 2361 615 2418 gratare
625 2351 738 2418 tingitur3
774 2347 801 2398 h.
816 2364 839 2398 e.
860 2346 955 2415 pellex,
976 2358 1004 2398 ut
1021 2347 1110 2415 passim
1123 2347 1232 2416 conjux.
1244 2373 1271 2382 -

236 2437 306 2498 uani,
321 2437 386 2505 qood
399 2435 442 2486 itte
457 2452 501 2503 per
512 2451 593 2486 areum
610 2433 738 2486 adductum
774 2443 858 2482 secure
868 2426 949 2491 ordis,
961 2443 1071 2500 separata
1081 2431 1148 2482 orbis
1159 2439 1277 2480 terrarum

234 2526 260 2567 et
271 2519 392 2569 intentum
408 2517 597 2584 ettoeoesotet,
611 2519 661 2584 jam
675 2518 739 2570 eiic-
775 2533 830 2584 pars
847 2532 861 2567 a
882 2525 923 2568 tuo
942 2519 1041 2569 nomine
1056 2519 1154 2587 Europa
1172 2514 1279 2583 appella·

236 2611 311 2653 cerat.
326 2600 456 2655 Osuavom
468 2599 604 2672 piciummi
617 2594 665 2652 Eo.
775 2600 860 2664 bitur;
878 2601 943 2671 qdod
958 2603 1032 2654 etiarn
1055 2603 1080 2654 in
1098 2601 1211 2656 solatium
1226 2621 1279 2656 esse

233 2711 236 2716 ·
273 2696 314 2737 tta.
329 2677 454 2738 Ubr'lusit
468 2687 542 2743 amir,
558 2685 603 2738 ubi
618 2685 677 2738 satis
691 2682 737 2736 de·
774 2688 878 2751 poterat.
893 2681 940 2735 Eo.

268 3018 399 3076 Arauros.
420 3021 547 3076 Galateam
565 3021 597 3074 ab
618 3021 723 3086 itinere,
740 3021 805 3092 qnod
821 3023 875 3076 nari
893 3021 919 3076 iu
936 3035 1031 3078 exteras
1046 3036 1123 3080 terras
1137 3039 1277 3097 susceptura

233 3119 295 3173 erat,
308 3127 357 3162 non
367 3109 486 3162 malomm
497 3097 596 3178 quidem
606 3109 727 3172 ominum,
739 3110 782 3161 sed
795 3109 929 3176 manifesti,
940 3111 980 3164 cui
993 3113 1116 3180 iniquiore
1129 3131 1194 3166 nunc
1205 3117 1276 3168 nari-

213 3227 216 3234 ·
231 3198 323 3266 gudoni
333 3199 393 3250 anni
406 3205 513 3265 tempore
521 3211 548 3247 se
558 3204 677 3264 exponat,
688 3195 790 3264 periculi
805 3199 1033 3250 commemoratione
1045 3197 1171 3254 deterrere
1185 3203 1275 3257 studet.

233 3284 417 3336 Sententiarum
427 3291 550 3336 natusest
561 3281 661 3336 feretrio
672 3299 678 3331 :
694 3282 752 3336 Non
763 3283 833 3336 matis
844 3285 957 3354 equidem
968 3283 1091 3336 ominibus
1102 3295 1127 3339 te
1136 3287 1167 3338 ab
1178 3288 1278 3355 itinere,

233 3369 299 3438 quod
308 3369 445 3433 meditaris,¹
454 3367 596 3430 deterrebo‚
609 3369 683 3421 immo
692 3368 750 3422 deos
758 3371 900 3436 venerabor,
912 3382 940 3422 ut
949 3371 1020 3422 bouis
1029 3371 1114 3423 aribus
1126 3383 1150 3425 te
1160 3377 1277 3441 proticisci

230 3458 334 3524 jubeant
341 3478 349 3525 ς
362 3459 404 3510 sed
414 3457 471 3512 licet
481 3473 535 3510 ares
546 3457 632 3510 itineri
642 3466 685 3510 tuo
696 3457 824 3526 addicant,
839 3459 930 3526 cogita,
941 3476 1024 3528 queso
1032 3475 1124 3532 „quarn
1141 3475 1222 3526 mares
1233 3462 1278 3516 hoo

234 3543 295 3612 ipso,
304 3545 368 3614 quod
380 3545 464 3612 instat,
474 3545 533 3596 anui
544 3553 654 3614 mnpors
663 3554 819 3616 tempestates
826 3546 855 3608 iu
866 3547 927 3598 utari
935 3545 994 3598 oriri
1005 3545 1106 3599 wisant.
1119 3545 1183 3599 Cave
1193 3547 1276 3615 igitur,

233 3645 265 3682 ne
275 3631 321 3682 tibi
337 3631 418 3683 fraudi
434 3629 483 3696 rit,
493 3647 567 3700 qoam
580 3647 644 3683 nunc
653 3631 738 3684 cetum
748 3633 871 3696 ostendit,
882 3633 1010 3686 serenitas.
1023 3632 1064 3686 Sic
1074 3631 1172 3702 Europa
1181 3649 1277 3708 quoque

232 3717 289 3772 ottu
302 3733 347 3788 per
355 3730 481 3774 etterutuu
491 3720 559 3774 boris
569 3721 616 3788 ipsi
629 3720 808 3774 adblandientir
818 3722 922 3790 specim
934 3723 959 3774 in
970 3721 1078 3774 fraudem
1089 3721 1186 3774 inducta
1194 3733 1277 3776 est-

231 3803 303 3872 Quod
312 3823 387 3874 supra
396 3807 427 3860 ad
436 3807 510 3874 huju
519 3807 578 3860 iibri
589 3811 687 3860 carro'eu
707 3809 806 3860 tertium
817 3809 849 3861 de
858 3807 965 3876 longiore
976 3809 1031 3876 itta,
1041 3825 1089 3878 qua
1099 3808 1166 3862 Juoo
1174 3809 1277 3880 loquens

231 3892 364 3960 inducitur,
374 3893 526 3960 digressione
536 3895 692 3960 monuimus,
707 3894 733 3946 id
746 3911 843 3966 qouque
856 3896 888 3948 de
903 3897 1009 3966 Europa
1020 3893 1103 3948 tabula
1110 3931 1119 3962 ‚
1134 3896 1194 3950 scitu
1203 3897 1277 3967 hujus

231 3979 349 4031 carminis
367 3987 509 4045 argomento
526 3981 716 4046 accommodata,
733 3981 805 4035 rdet.
826 3981 923 4035 Scilicet
939 3993 1011 4050 poeta
1027 3983 1052 4034 id
1073 3983 1177 4052 Euruprs
1193 3985 1275 4040 iatrria

233 4083 297 4120 nuuc
308 4068 380 4120 unice
394 4067 571 4130 temeritatem,
587 4084 635 4138 qua
651 4071 692 4122 itta
704 4081 772 4126 tauro
782 4087 808 4124 se
818 4067 950 4126 credidisse
961 4073 1048 4135 icatur,
1060 4073 1188 4144 spectarit,
1200 4091 1272 4144 quatu
