2892 4558
272 303 341 390 544
550 306 593 394 Q.
620 306 827 375 HORATll
853 307 1028 377 FLACCi

695 501 882 550 cantura.
989 481 995 518 ¹

363 656 455 746 Quid
472 657 635 729 obseratis
652 659 788 730 auribus
803 660 916 748 fundis
933 663 1071 757 preces?

363 779 441 848 Non
460 801 539 846 saxa
557 777 654 848 nudis
673 779 826 850 surdiora
844 781 965 852 navitis

362 897 537 990 Neptunus
553 895 622 966 also
639 897 750 968 tundit
765 898 927 970 hibernus
944 898 1022 972 salo.

361 1011 490 1084 inultus
509 1029 546 1084 ut
564 1029 598 1083 tu
618 1015 730 1086 rueris
748 1017 897 1110 Cotyttia

362 1131 525 1228 Vulgata,
542 1153 673 1234 sacrum
691 1129 789 1202 liberi
806 1131 1004 1228 Cupidinis?

361 1255 403 1321 Et
422 1247 585 1346 Esquilini
603 1250 757 1320 Pontifex
776 1249 913 1322 venefici

361 1372 503 1463 impune
519 1384 557 1440 ut
572 1369 690 1439 urbem
706 1370 843 1440 nomine
859 1367 1009 1464 impleris
1026 1369 1125 1440 meo?

266 1569 447 1640 tangitquoque
456 1583 524 1637 supr.
534 1567 652 1638 Epod.V,
662 1569 772 1638 t‚miser
808 1569 1038 1639 r,et:«smpults
1049 1569 1145 1622 surdior
1154 1568 1218 1621 Icari
1228 1566 1306 1620 Vooes
1411 1567 1412 1574 ’

266 1657 308 1708 ilie
320 1673 382 1724 puer
392 1671 405 1706 a
415 1653 519 1706 Canidia
532 1653 639 1724 putittu:
652 1673 665 1702 u
676 1656 725 1707 Per
734 1656 770 1708 li·
804 1657 874 1708 audit
883 1656 963 1708 adbuc
976 1655 1078 1722 integer.
1089 1675 1139 1704 s-
1156 1651 1249 1713 undu,
1263 1654 1305 1722 qni

265 1740 336 1792 bema
353 1749 391 1799 te,
408 1737 430 1789 ai
445 1747 526 1790 vocata
544 1736 661 1805 partubus
677 1738 770 1791 Limina
804 1747 883 1790 vestes
891 1738 1036 1798 amiserunt,
1045 1747 1088 1788 aut
1097 1747 1182 1806 sponte
1189 1737 1307 1803 deposue-

264 1821 329 1874 reris
339 1821 429 1873 adluit.
442 1841 456 1870 s
465 1849 498 1859 -·
513 1819 609 1872 Cruom
622 1820 728 1884 rubrus,
742 1831 769 1872 ut
804 1833 862 1874 runt
871 1861 878 1886 ,
888 1840 937 1892 quo
951 1822 1047 1874 facilius
1058 1821 1186 1886 naufragio
1198 1836 1306 1888 emergu-

266 1905 293 1958 in
304 1905 435 1975 puerperio
445 1905 497 1958 fieri
508 1905 621 1957 solet-
630 1901 769 1976 Utcunque
805 1917 867 1958 rent.
875 1907 1098 1976 En.-Neptunus
1107 1903 1236 1964 Ιιῶσπιιιε,
1244 1913 1307 1956 mota

258 1989 336 2060 sonu
346 1989 435 2063 exsilis
442 2007 564 2060 puerper.
578 1990 769 2059 quotiescunque
803 2007 848 2058 per
856 1990 1000 2058 Neptunum
1010 1988 1237 2058 tempestas-ulau
1242 1988 1304 2047 sato,

264 2091 384 2144 puerpera
394 2074 456 2126 lauta
465 2091 500 2126 es.
513 2073 561 2124 Sed
573 2089 655 2124 amare
665 2075 699 2123 ita
708 2089 768 2124 seu·
804 2074 908 2126 marinis
918 2074 1042 2126 fluctibns.

265 2159 367 2214 tentiam
376 2155 512 2208 'adornavit
531 2165 618 2223 poeta,
637 2165 665 2206 nt
684 2156 766 2206 statim
839 2168 882 2212 tt.
894 2159 1000 2210 laudus
1011 2171 1074 2211 uttu
1084 2160 1178 2217 visens,
1187 2169 1234 2210 etc.
1246 2158 1306 2209 Sen-

264 2251 380 2312 apparent
392 2242 500 2294 fraudem
514 2241 614 2303 iecisse,
624 2257 652 2291 ae
661 2255 767 2308 puerpe—
802 2257 843 2294 sus
855 2263 862 2294 r
872 2241 955 2308 Egone
964 2241 1052 2310 patiar,
1064 2253 1091 2294 nt
1101 2254 1127 2294 tu
1139 2243 1232 2294 inuitus
1241 2242 1307 2293 deri-
1411 2275 1412 2278 κ

265 2331 330 2382 rium
351 2326 479 2379 simulasse
500 2325 638 2376 Canidiam.
665 2325 768 2376 Femina
801 2327 864 2378 seris
873 2336 899 2377 et
908 2326 1057 2392 evulgaveris
1065 2325 1182 2378 veneficia
1192 2323 1306 2388 mea,li-

264 2413 331 2464 euim
344 2427 398 2480 quae
408 2427 466 2461 vero
477 2408 607 2476 puerperio
615 2405 705 2458 allecta
716 2417 766 2472 ost,
802 2408 1096 2475 soutouerimni,
1106 2409 1177 2476 qnasi
1188 2417 1305 2476 panentu,
1411 2477 1412 2482 Ἰ

266 2513 316 2547 non
328 2495 400 2546 simui
407 2493 489 2563 fineis
501 2491 600 2555 exsilit,
613 2507 662 2542 nou
676 2507 691 2541 o
705 2489 768 2542 lueto
802 2502 916 2562 tauquam
926 2493 1067 2544 Pontifioem
1077 2530 1085 2554 ,
1095 2509 1218 2545 sauronam
1229 2491 1306 2556 magi·

263 2579 351 2642 eumit-
364 2575 413 2625 Et>-
801 2591 884 2629 sonim
903 2587 967 2628 esset
983 2576 1113 2627 arbitrium
1129 2586 1155 2627 et
1168 2575 1304 2642 judicium,

303 2669 345 2712 ³³.
358 2657 555 2724 Qutiiobseruu's
563 2657 672 2708 uun'hue
670 2657 769 2728 fundis
802 2659 904 2727 impune
922 2677 962 2711 me
981 2675 1026 2728 per
1042 2675 1086 2710 ora
1104 2659 1232 2711 hominnm
1253 2669 1306 2709 tra-
1411 2671 1412 2680 ³

261 2741 371 2816 preces?
390 2752 437 2794 ete.
462 2740 517 2808 Quo
539 2743 617 2811 major
636 2742 765 2811 Canidiae,
800 2740 1133 2810 duxerisi-Cutytuiilquse
1144 2743 1243 2810 proprie
1254 2741 1307 2792 lue·
1411 2787 1412 2808 q

262 2845 336 2899 quam
352 2827 400 2880 sibi
414 2827 600 2895 respondentem
613 2839 682 2896 poeta
694 2829 765 2880 indu·
802 2837 860 2879 utut
869 2844 935 2879 sana
944 2836 1072 2890 nocturna,
1082 2843 1097 2877 a
1106 2826 1245 2878 Thracibus
1253 2825 1306 2893 pri·
1411 2865 1412 2904 p

262 2917 311 2976 sit,
327 2924 365 2966 ost
377 2913 465 2966 luania
477 2922 502 2965 et
516 2913 661 2976 insolentia,
676 2923 702 2966 et
717 2931 765 2983 quo
801 2928 879 2979 mum,
889 2911 973 2963 Strab.
984 2911 1022 2972 X,
1035 2927 1060 2978 p.
1073 2921 1134 2972 aas,
1150 2910 1175 2961 in
1188 2910 1305 2962 bonorem

260 2999 473 3066 structoresque
484 2995 605 3062 istujauit‚
615 2996 763 3058 minuerunt,
803 2995 917 3062 caryon
930 2995 957 3046 h.
969 3011 994 3047 e.
1004 2995 1090 3047 liberas
1099 2994 1206 3047 Veneria
1221 3004 1247 3046 et
1258 2994 1304 3045 Li-

177 3113 178 3118 =
262 3099 293 3134 eo
307 3081 425 3144 aoerbior,
436 3095 484 3148 qna
498 3079 551 3145 ejus
560 3087 636 3130 artem
649 3079 763 3144 magicam
799 3077 1304 3140 oeudmiustituta,undeadditureoentm

261 3166 423 3232 exagitarunt
432 3161 693 3220 irrisio-obremus,
702 3162 765 3214 elau·
800 3160 877 3212 liberi
890 3158 1040 3232 Cupidini)
1058 3177 1123 3213 nune
1143 3159 1198 3213 ideo
1215 3159 1305 3225 mapa

261 3251 312 3314 sia,
326 3247 474 3309 obstructis,
492 3245 609 3314 snppiiois
621 3259 704 3312 preces
715 3261 766 3296 uon
800 3261 845 3295 suo
855 3259 923 3296 sacra
932 3243 1040 3311 appellat
1051 3241 1171 3305 Canidia,
1181 3243 1246 3311 qnod
1261 3259 1305 3309 per

263 3331 466 3396 admittentibus,
486 3329 576 3382 surdis.
595 3330 642 3380 Eu.
657 3355 693 3368 ·-
704 3329 766 3380 Nun
800 3343 830 3380 ea
840 3327 941 3380 libidini
952 3344 1012 3389 sure,
1024 3328 1138 3380 arueuito
1149 3344 1237 3395 nempe
1247 3342 1305 3378 seue

262 3433 330 3470 toxa
344 3413 422 3466 nudus
432 3412 505 3463 suni.
518 3413 610 3463 navrn'a
621 3411 698 3480 Nepa.
713 3413 764 3463 olto
800 3405 843 3462 illu
861 3409 948 3473 Varo,
970 3411 1109 3462 satisfacere
1132 3409 1250 3462 voluerat.
1268 3439 1303 3449 -

261 3497 451 3553 mndirbibern.
463 3496 527 3553 solo,
537 3511 604 3555 saxa,
614 3510 668 3562 qnae
678 3493 765 3546 fluetus
801 3492 830 3542 V
826 3493 925 3564 uiguru,
935 3493 1055 3560 evulgata,
1065 3503 1191 3562 postquam
1201 3510 1230 3544 ea
1238 3491 1305 3544 erul-

261 3576 765 3642 marinitnnduut,nousurdiorasnntmi·
799 3573 910 3642 gereris,
932 3575 1041 3628 carmine
1065 3576 1108 3629 illo
1129 3575 1305 3628 oontumeliow

259 3681 369 3720 snorum
382 3661 553 3727 naufragorum
565 3659 687 3728 precibus,
700 3660 726 3711 b.
738 3675 761 3712 e.
800 3675 867 3728 supr.
880 3659 960 3728 Epod.
972 3657 1044 3708 V.-
1054 3659 1139 3718 liberi,
1152 3659 1305 3712 effrenis.—

259 3768 334 3823 qoam
346 3748 421 3800 suuis
433 3763 487 3798 esse
499 3745 578 3798 sulem
592 3761 650 3797 saxa
665 3743 764 3796 naufra-
798 3743 836 3795 Et
847 3742 987 3816 Esquilini
997 3742 1072 3796 Pout.
1085 3743 1174 3814 venes
1193 3755 1219 3796 et
1233 3743 1304 3812 quasi

258 3827 460 3901 gis,aamsurdae
471 3845 542 3879 aures
553 3843 614 3878 mete
625 3827 676 3878 tuis
685 3827 764 3895 preui-
797 3829 942 3896 praepositus
963 3845 1029 3881 esses
1048 3829 1123 3882 storia
1145 3829 1252 3895 magieis.
1268 3857 1303 3866 -

258 3919 307 3966 bns
316 3922 393 3978 sunt;
405 3911 564 3979 proverbialis
576 3911 650 3963 maris
661 3912 763 3980 ejusque
798 3909 920 3981 Ponufix
931 3911 998 3963 euim
1010 3911 1084 3965 sacris
1095 3911 1200 3979 publicis
1212 3920 1238 3962 et
1250 3909 1303 3978 pri-

257 3996 411 4065 amputemus
425 3995 541 4050 aridus.
552 3994 613 4047 Vin.
628 4011 698 4066 supr.
709 3995 761 4059 111,
796 3997 857 4048 tatis
881 4005 1002 4064 panorm
1030 3993 1190 4067 ueneficium
1212 3995 1304 4048 dieitur
