3010 4556
446 355 542 422 LIB.
569 355 645 442 ΙΙΙ,
671 355 821 425 ciunt.
849 357 987 424 XXIV.
1169 354 1233 428 351

293 496 406 584 Quum
426 495 561 590 perjuro
580 497 685 589 patris
701 494 784 564 fides

229 649 231 654 ·
342 617 542 684 Consortem
558 617 683 686 socium
702 615 797 686 fallat
813 631 847 687 et
860 617 1044 711 hospitem,
1201 618 1240 675 60

296 727 505 824 indignoque
523 732 701 824 pecuniam

345 843 479 914 Haeredi
494 861 664 940 properet.
682 845 814 916 Scilicet
830 847 992 941 improbae

300 965 463 1034 Crescunt
480 963 624 1034 divitiae:
645 978 756 1034 tamen

239 1137 243 1144 .
346 1083 457 1152 Curtae
474 1086 585 1152 nescio
600 1083 680 1176 quid
697 1106 829 1177 semper
845 1083 939 1152 abest
955 1084 1015 1152 rei.

201 1295 335 1360 lusorium
359 1298 546 1365 precabantur
565 1299 652 1365 igitur,
679 1310 706 1350 ut
740 1297 1021 1352 -Consort.-Socius
1031 1299 1123 1354 dicitur
1131 1317 1243 1362 musore,

202 1377 263 1428 un.
282 1378 430 1444 sn.11,s‚
446 1392 489 1444 n,
506 1381 610 1444 urcem,
635 1383 705 1451 puer
730 1383 967 1452 ,quequounmm
981 1371 1244 1456 (summere,

203 1460 629 1536 Romani.-veuta1e3tt.atea,
647 1467 706 1519 hinc
741 1484 799 1520 nos:
818 1467 934 1538 Caput)
958 1468 985 1520 in
1002 1470 1110 1522 medium
1125 1472 1247 1534 eontulit,

202 1541 298 1598 natea
312 1542 707 1616 (h.e.1usu‚orjusevenus‚ja-
738 1550 795 1616 jure
811 1566 855 1602 suo
865 1567 959 1620 equum
978 1551 1039 1605 lueri
1049 1563 1147 1622 partem
1158 1565 1244 1622 postn-

202 1629 273 1680 ctstis
281 1646 368 1699 nempe
377 1629 433 1683 tulis
442 1631 480 1683 rel
491 1631 604 1696 tesseris,
616 1634 642 1684 in
654 1634 705 1685 ior-
740 1631 792 1684 lare
803 1641 891 1700 potest.
898 1631 1055 1704 -Irrdr'grro,
1068 1636 1168 1704 prodigo
1176 1654 1245 1692 nens·

204 1721 269 1764 tunes
278 1714 371 1781 positus
387 1714 435 1765 iuit
448 1715 576 1783 arbitrio),
591 1715 705 1768 condem·
740 1733 781 1784 pe.
789 1732 927 1786 —pecurs
932 1731 1057 1788 properet.
1070 1748 1105 1758 -—
1110 1737 1247 1792 properum

204 1797 705 1852 natorurnurentionernlseitCioeroPhil.
737 1799 876 1869 pscunriun
903 1799 1026 1868 eleguntsr
1050 1803 1182 1868 dicuntur,
1201 1807 1245 1875 qui

205 1875 241 1942 11,
251 1887 295 1930 tt.
306 1877 479 1932 videssetism
487 1879 533 1932 lib.
543 1881 581 1932 x1
591 1881 705 1944 ,Punde-
740 1883 829 1934 diurne
842 1893 1087 1954 nocturnsqueopen
1095 1887 1188 1940 iaciunt
1195 1899 1247 1942 ten-

204 1969 296 2012 etsrnrn
309 1959 615 2018 titulumdsaleatoniuss.
623 1965 706 2016 -Lusns
741 1973 842 2034 tsntqne
853 1965 1044 2034 omnis,quibus
1055 1970 1183 2036 pemninm
1192 1987 1247 2024 oos-

205 2041 263 2094 sien
272 2044 420 2112 puniebatur
426 2045 706 2116 lessibnsCornelis,Pu·
741 2057 858 2112 ueneni,
872 2049 1034 2102 hinoovarus
1044 2051 1157 2106 lurenuli
1169 2054 1247 2118 XIV,

206 2126 277 2180 blicis
286 2138 312 2180 et
320 2127 458 2180 Tutia.En.
747 2140 807 2196 tit,
817 2131 1065 2200 propemnsdioitur.
1074 2163 1109 2172 -
1117 2134 1246 2205 rirprrnbts,

242 2221 285 2264 tu.
305 2214 392 2279 Quum
408 2216 521 2285 perp'um
532 2216 615 2286 paus's
624 2213 707 2286 fides,
744 2229 799 2282 quus
827 2214 938 2283 improbo
965 2215 1142 2285 inhonestaque
1166 2217 1249 2272 studio

207 2306 252 2348 ete.
266 2297 326 2348 dum
346 2297 411 2366 turpi
428 2298 710 2368 iraudepateroorrudit
744 2297 908 2364 colliguntur,
920 2298 978 2350 hino
989 2298 1050 2350 loir.
1063 2299 1144 2367 Epist.
1161 2297 1189 2366 l,
1204 2310 1248 2364 tt,

207 2379 343 2446 pecuum,
351 2397 424 2449 quum
436 2381 502 2434 iilius
511 2382 635 2451 profusius
644 2382 706 2434 dils-
745 2391 789 2444 stt,
800 2381 985 2434 srurusdieitur
994 2380 1130 2451 rinprubus5
1143 2381 1180 2433 rel
1189 2381 1250 2434 sinr-

208 2461 386 2529 pidet-soc.
403 2465 483 2516 socius
496 2464 595 2532 dieitur,
606 2481 708 2534 quocum
746 2463 843 2534 pliciter
865 2483 871 2514 ι
893 2481 1005 2532 megnae,
1025 2466 1146 2532 ingentes.
1165 2467 1253 2520 -m'

154 2569 158 2580 ·
206 2545 262 2612 quis
270 2546 295 2596 in
304 2545 372 2598 luctu
380 2546 632 2602 iaciendosoeietstem
642 2549 708 2600 iniit.
746 2561 842 2608 curtoe,
856 2549 974 2617 ejusmodi
983 2550 1093 2613 diviuis,
1107 2567 1177 2620 qim,
1195 2561 1250 2604 utut

209 2627 343 2696 --satlat,
365 2633 489 2685 commode
502 2633 602 2686 laudant
616 2633 669 2686 Cic.
684 2653 709 2702 p.
747 2630 850 2699 amplus,
869 2645 951 2684 cume
971 2642 1053 2685 tamen
1070 2643 1096 2685 et
1110 2651 1189 2701 parrae
1211 2635 1250 2704 in-

209 2707 281 2762 Ruso.
293 2710 379 2765 Amor.
391 2715 503 2766 semla
518 2717 592 2769 rebus
608 2717 713 2769 minori·
747 2713 903 2766 sstiebilibus
921 2731 1004 2768 eurum
1024 2717 1139 2770 ridentur
1156 2735 1251 2787 pones·

210 2794 256 2846 bus
265 2795 355 2848 socium
364 2797 447 2850 fellere
458 2798 626 2866 turpissimum
640 2809 710 2850 est...
747 2797 861 2861 sonibus,
880 2813 936 2850 nam
947 2835 955 2860 ,
968 2808 996 2850 ut
1007 2799 1100 2852 Noster
1109 2818 1177 2870 supr.
1194 2802 1251 2868 ΙΙΙ,

210 2879 284 2932 Recte
293 2879 368 2946 igitur
379 2883 482 2949 majores
490 2897 555 2948 eum,
565 2881 608 2950 qui
620 2881 711 2933 socium
750 2892 794 2946 ss,
808 2891 841 2932 tt
852 2918 859 2944 ‚
872 2899 884 2928 s
896 2881 976 2934 Multa
991 2885 1145 2952 petentibus,
1163 2887 1253 2962 desum

211 2961 352 3027 fefellisset,
367 2965 393 3016 in
412 2965 532 3016 bonorum
543 2963 651 3014 virorum
663 2979 713 3013 nu·
749 2963 835 3016 multo.
855 2983 869 3013 s
892 2995 929 3005 -
952 2966 1108 3038 Boettr'gsrm
1131 2979 1253 3040 compunt

210 3063 342 3099 memnon
360 3057 480 3116 putarunt
493 3045 580 3098 heberi
591 3054 711 3113 oportere.
748 3045 1032 3115 Euripid.Eleotr.tttt.
1145 3067 1148 3076 ’

246 3381 379 3436 Anssrsrs.
397 3386 429 3436 ln
440 3385 585 3437 effrenatam
599 3383 716 3454 ditiorunp
733 3383 856 3438 licentiam
873 3393 898 3435 et
913 3383 1014 3446 luxum,
1026 3390 1141 3450 tanquam
1156 3395 1253 3434 uuum

211 3467 291 3520 omnis
301 3485 395 3521 morum
403 3469 554 3541 corruptele,
566 3486 621 3538 quus
632 3479 682 3520 tum
694 3469 815 3522 Romanos
825 3476 992 3538 oocupsrerut,
1003 3467 1107 3534 pariter
1117 3464 1251 3516 invehitur.

212 3553 343 3624 Postquam
355 3555 430 3623 igitur
441 3571 593 3607 communem
607 3555 727 3607 moriendi
740 3555 906 3606 necessitatem
918 3550 1114 3620 opulentioribus
1126 3559 1183 3601 ente
1191 3565 1255 3602 ocu-

213 3636 249 3690 los
259 3642 354 3708 posuit,
368 3651 393 3694 et
408 3641 509 3710 Scythas
524 3640 664 3711 Getasque,
683 3651 732 3692 tam
750 3640 830 3692 libero
847 3639 939 3708 ubique
954 3653 1065 3704 eperum
1080 3635 1164 3702 cultu,
1181 3651 1255 3704 qnsm

213 3741 322 3796 morum,
332 3730 376 3798 qui
387 3730 452 3798 uputl
463 3747 504 3782 eos
514 3731 621 3797 sigeum,
634 3730 762 3782 sanctitate
773 3728 851 3781 multo
859 3727 956 3780 felicius
965 3728 1047 3779 rivere
1057 3725 1152 3790 docriit,
1166 3739 1257 3774 unum-

212 3831 349 3886 quemque,
360 3817 404 3886 qni
415 3829 532 3872 eternam
543 3819 575 3870 de
588 3819 666 3888 putria
683 3819 715 3868 ub
727 3817 830 3869 interitu
842 3825 938 3870 serrata
950 3815 1015 3885 upnd
1027 3823 1136 3884 posteros
1147 3811 1197 3865 sibi
1208 3827 1257 3879 pn-

214 3915 268 3952 rsre
282 3902 343 3954 velit
356 3903 473 3970 glorium,
491 3905 616 3956 indomite
626 3904 768 3956 divitiarum
783 3902 912 3972 cupiditati
929 3901 1043 3969 inprimis
1056 3899 1154 3951 modurn
1169 3913 1261 3967 ponere

211 3987 291 4050 jubet.
305 3989 361 4056 ern
371 3990 471 4058 quidem
486 3989 596 4042 funditus
608 3991 757 4059 exstirpata,
773 3989 931 4058 popularibus
943 3987 996 4040 suis
1012 3995 1096 4039 uuotor
1113 3985 1214 4050 existit,
1232 3993 1260 4034 ut
1309 4021 1314 4030 .
