2838 4550
208 261 233 332 li
629 264 837 334 HORATII

254 405 347 490 Saepe
360 423 482 466 caesura
494 415 543 464 est
553 407 629 488 piist
640 400 795 488 syllabam
806 401 943 468 brevem
954 417 1077 468 sextam
1089 430 1097 468 ε

326 533 444 590 Dauniae
457 531 578 590 defende
591 539 602 610 [Ι
613 531 699 590 decus
712 533 850 590 (lamense.
868 533 916 604 IV,
929 530 956 602 6,
970 551 1017 607 ²7·

210 654 389 742 praesertim
404 652 439 717 in
451 653 507 732 1v,
520 653 539 715 2
553 667 586 717 et
598 654 630 731 6,
650 650 733 726 etin
753 674 853 716 carm.
873 652 981 718 srecul.
1003 652 1113 718 Semel
1130 669 1252 719 neutro

212 764 246 828 in
261 763 356 827 loco:
374 767 405 841 1,
420 763 455 841 2,
469 763 522 826 tt.
545 761 653 826 Graeci
669 759 802 849 quidem
816 775 954 828 utuntur
973 761 1009 826 in
1027 761 1166 828 exordio
1179 784 1253 828 ver·

211 891 265 936 sus
284 887 350 936 tam
367 870 501 960 dipodiu
518 869 683 935 trochaica
696 891 782 958 pura
796 869 918 960 (Π.)
935 895 1032 960 quam
1051 871 1184 960 epitrito
1203 893 1255 936 se-

211 976 322 1044 cundo
339 1011 442 1057 -----
464 978 521 1066 qui
543 977 630 1042 solus
653 978 789 1044 Horatio
811 979 941 1066 placuit.
965 985 1073 1045 Porro
1097 1001 1254 1046 caesuram

213 1089 380 1168 observat,
391 1109 487 1176 quam
498 1088 606 1154 Graeci
617 1087 999 1174 ignorent—Interdum
1010 1111 1123 1155 versus
1135 1089 1255 1178 hyper·

213 1213 319 1262 meter
331 1211 392 1275 est,
405 1197 426 1263 i.
442 1221 472 1262 e.
490 1197 603 1262 ultima
614 1199 683 1283 ejus
695 1197 818 1285 syllaba
830 1201 992 1286 superflua
1004 1198 1139 1265 eliditur
1148 1199 1255 1265 vocali

151 1291 152 1294 Ἴ
216 1331 310 1399 aqua
324 1297 526 1398 subsequens
537 1309 653 1397 incipit
665 1333 778 1376 versus
789 1335 797 1374 ε
810 1313 853 1390 ll,
867 1313 900 1389 2,
917 1314 972 1388 183
986 1315 1041 1391 Ν,
1055 1311 1087 1390 2,
1101 1311 1141 1374 22
1154 1311 1252 1375 eres.

259 1422 368 1486 Carm.
383 1442 456 1485 srec.
472 1422 526 1484 48.

258 1535 315 1595 Est
327 1531 362 1595 in
375 1546 482 1596 metro
495 1534 548 1596 v1.

204 1763 206 1768 ,
264 1686 315 1749 12.
334 1689 453 1750 Versus
464 1681 645 1774 sapphicus
659 1687 776 1771 major.
800 1685 915 1751 Oritur
929 1709 969 1751 ex
981 1709 1079 1751 versu
1089 1685 1255 1773 Sapphico

215 1790 416 1879 praecedenti
432 1790 551 1856 eodem
568 1791 669 1857 modo
685 1805 722 1856 ut
738 1792 967 1884 Asclepiadeus
985 1799 1090 1880 major
1105 1793 1209 1880 (nu'm.
1224 1798 1257 1882 9)

137 1923 142 1930 ·
217 1925 259 1966 ex
281 1900 494 1989 Asclepiaden
517 1901 638 1968 minori
658 1901 766 1989 (nurn.
786 1905 843 1990 8),
865 1903 989 1970 inserto
1011 1902 1166 1970 nimirum
1187 1925 1255 1970 uno

217 2009 323 2084 adhuc
340 2009 544 2081 choriambo,

297 2163 383 2184 «υ...-
434 2173 452 2184 ..
473 2142 485 2214 Η
508 2162 569 2184 vv..
590 2142 603 2214 n
623 2150 708 2189 Aw-
760 2161 830 2195 υ-Ξ,

296 2235 377 2307 Saepe
390 2243 469 2289 trans
482 2232 569 2289 finem
579 2234 677 2306 jaculo
690 2235 795 2291 nobilis
808 2236 950 2312 expedito.
966 2237 989 2306 l,
1002 2238 1030 2307 8,
1043 2254 1087 2292 12.

264 2355 299 2420 Si
317 2370 408 2419 recte
425 2379 443 2419 a
460 2356 510 2420 Cl.
525 2361 715 2422 Hermanno
727 2357 781 2422 hic
794 2381 906 2424 versus
919 2359 1007 2426 inter
1019 2359 1260 2424 choriambicos

220 2480 423 2544 numeratur,
441 2488 534 2554 aequo
545 2469 620 2552 jure
639 2467 819 2557 sapphicus
836 2469 1027 2557 precedens
1044 2470 1153 2534 locum
1168 2469 1258 2532 inter

219 2575 293 2640 illos
303 2576 456 2641 obtinere
467 2599 563 2666 posse
575 2579 716 2644 ridetur.

264 2685 320 2746 Est
333 2683 368 2748 in
382 2699 491 2750 metro
502 2689 571 2756 Vll.

546 2869 589 2968 d..
607 2877 736 2943 Versus
752 2871 934 2964 dactylici.

268 3055 318 3120 13.
333 3058 451 3122 Versus
462 3054 643 3134 Adonicus,
653 3079 679 3124 s.
692 3017 871 3148 duetylieus
882 3055 1021 3124 dimeter
1032 3059 1218 3126 catalectus.

498 3281 614 3336 Terruit
629 3279 739 3338 urhem.

265 3403 323 3464 Est
336 3400 372 3464 in
386 3415 491 3464 metro
504 3401 557 3465 Vl.

267 3559 317 3622 14.
339 3559 459 3623 Versus
479 3551 706 3622 Arelulcchius
735 3553 860 3632 minor,
879 3565 906 3619 s.
922 3551 1069 3622 trimeter
1087 3550 1263 3638 hypocau-

112 3759 125 3774 ·
221 3678 340 3754 lectus3
355 3699 382 3739 s.
396 3671 665 3761 penthemimeris
677 3662 908 3760 (πενθημιαερὲς)
920 3669 1091 3758 dactylica.

379 3897 475 3954 Pulvis
489 3909 516 3953 et
530 3897 749 3953 umbrn'sumus.
766 3855 851 3969 lli‚7,
877 3887 907 3947 t.
