2838 4550
114 403 1154 440 mmhmmumwmmtumnumnw„

185 619 437 723 Marna
471 568 776 722 notatu
809 624 1082 731 staret.

544 885 728 912 ...qo-...-

478 1070 785 1139 PROOEMIUM.

155 1279 275 1354 lime,
288 1273 408 1362 quibus
419 1271 571 1338 Horatius
582 1273 617 1337 in
629 1271 701 1337 odis
713 1295 788 1340 usus
800 1287 861 1352 est,
875 1274 1061 1344 exhibituro
1073 1280 1151 1346 mihi

113 1385 214 1450 risum
238 1397 308 1460 cst,
332 1379 540 1468 quorundam
563 1379 605 1445 ad
628 1403 699 1446 rem
725 1382 894 1446 metricam
916 1386 1151 1471 pertinentium

113 1494 347 1558 vocabulorum
364 1491 510 1556 tironum
527 1490 665 1555 maxime
684 1513 780 1556 causa
797 1493 995 1578 praemittere
1013 1497 1150 1565 brevem

114 1599 382 1690 explicationem,
399 1598 525 1664 omissis
541 1622 613 1687 quae
629 1598 760 1666 notiora
779 1623 847 1666 esse
866 1601 985 1669 solent.
1005 1608 1043 1670 ln
1060 1607 1151 1694 quod

113 1711 253 1776 studium
269 1710 296 1774 si
315 1713 369 1773 cui
387 1709 481 1774 altius
497 1725 673 1797 penetrare
690 1709 847 1776 inanimo
866 1711 923 1790 sit,
942 1712 1025 1779 duce
1041 1733 1149 1784 utatur

114 1822 305 1910 peritissimo
325 1818 521 1885 Godolredo
538 1823 727 1885 Hermanno
742 1823 781 1885 V.
799 1821 850 1886 Cl.
871 1821 1074 1906 (Handbuch
1088 1827 1149 1892 der

114 1933 237 1998 Meuik.
253 1929 363 2018 Leipz.
382 1931 489 2017 1799).

154 2045 274 2108 Versus
291 2037 449 2105 iambicos
470 2053 503 2102 et
522 2035 706 2138 trochaicos
724 2040 937 2103 Grammatici
957 2042 1148 2132 plerumque

112 2157 249 2246 dipodiis
265 2145 441 2245 (διποδῶιις)
460 2151 494 2218 b.
515 2176 554 2218 e.·
569 2153 725 2220 binorum
744 2151 866 2241 pedum
885 2151 1031 2218 seriebus
1048 2155 1150 2243 (m.

113 2283 162 2334 aut
171 2267 278 2355 -ν-ν)
292 2265 487 2344 metiuntur,
503 2278 537 2328 et
551 2285 683 2328 versum
697 2261 834 2326 duarum
846 2259 1052 2350 dipodiarum
1066 2288 1092 2331 s.
1107 2289 1148 2332 ex

112 2393 248 2466 quatuor
256 2373 397 2464 pedibus
409 2387 614 2437 constantem
623 2373 836 2448 demultum-
846 2371 951 2436 tribus
964 2369 1105 2460 dipodiis
1117 2400 1144 2441 s.

112 2505 164 2548 sex
180 2481 325 2572 pedibus
343 2493 568 2544 constructum
587 2481 750 2543 trimetrum
767 2452 899 2543 vocabt.
917 2481 1037 2544 Versus
1057 2483 1146 2548 enim

114 2593 238 2658 iambici
256 2613 357 2680 quum
371 2590 406 2654 in
419 2588 500 2655 locis
516 2589 694 2678 imparibus
705 2588 847 2676 (primo,
868 2589 983 2670 tertio,
1002 2593 1087 2680 etc.)
1106 2615 1144 2658 ac

115 2701 270 2766 trochaici
286 2701 320 2763 in
338 2697 473 2786 paribus
488 2695 659 2784 (secundo,
672 2698 803 2785 quarto)
820 2697 1004 2784 spondeum
1020 2697 1143 2768 habere

110 2809 240 2897 possint
247 2806 413 2894 rhythmus
422 2804 509 2871 idern
518 2805 741 2893 postsingnlas
750 2793 882 2870 demum
890 2805 1140 2896 dipodiasredit.

111 2919 214 2984 -Sin
234 2939 314 2984 vero
329 2915 368 2981 de
385 2915 569 3004 dactylicis,
585 2913 814 2981 choriambicis
826 2931 1078 3007 ceterorumque
1091 2944 1145 3008 gc·
1200 2949 1203 2956 ’

104 3053 224 3098 nerum
234 3023 547 3113 rcrsibus(exceptis
556 3038 665 3088 tamen
673 3024 1032 3113 anapaesticis,quorum
1039 3043 1144 3096 metra

105 3149 204 3214 etiam
217 3143 294 3210 κατὰ
304 3138 435 3208 &membr
449 3139 689 3230 dispescuntur)
704 3161 813 3204 sermo
828 3153 889 3221 est,
900 3141 1023 3206 dimeter
1032 3147 1142 3233 appel-

104 3257 189 3322 latur
202 3256 261 3344 qui
274 3253 416 3333 duobus,
427 3291 463 3300 —
473 3252 604 3316 trimeter
614 3249 670 3337 qui
683 3248 786 3316 tribus
801 3251 990 3317 continetur
1004 3253 1142 3340 pedibus

104 3363 316 3452 simplicibus.

146 3485 270 3548 Versus
288 3479 453 3543 catalectue
470 3469 587 3565 (στίχος
604 3469 801 3566 melum)
819 3493 869 3542 cst
889 3481 979 3564 cujus
997 3478 1074 3567 pedi
1095 3480 1142 3543 ul.

106 3593 184 3658 timo
197 3590 324 3680 syllaba
335 3588 544 3675 deest(num.
561 3589 607 3676 3).
627 3589 661 3653 si
676 3588 753 3676 pedi
766 3603 821 3654 aut
834 3587 1015 3674 trisyllabo,
1027 3603 1080 3653 aut
1095 3605 1140 3654 te·

107 3700 280 3788 trasyllabo
294 3699 366 3763 dum
382 3695 513 3786 syllabae
524 3697 658 3776 desunt,
668 3721 780 3763 versus
793 3697 1137 3773 existitcatalectus,-

107 3809 200 3872 autin
210 3807 381 3898 syllabam,
394 3821 449 3871 aut
461 3806 495 3870 in
507 3805 700 3896 disyllabum·
711 3809 813 3893 (num.
826 3809 844 3869 7
861 3819 894 3869 et
910 3808 976 3890 ll).

147 3919 266 3982 Versus
273 3915 552 4003 brachycatalectus
561 3929 610 3978 est
619 3913 670 3978 cui
678 3936 738 4002 pes
747 3914 875 3999 intcgcr
884 3909 1084 3994 deest(nttnr.
1097 3914 1138 4000 ily

105 4048 176 4091 non
188 4027 247 4091 nisi
259 4027 392 4094 iambici
405 4023 609 4092 ettrocbsici
620 4046 733 4092 versus
743 4020 1019 4111 brachycatalecti
1031 4039 1116 4088 sunt.

177 4153 234 4189 nos.
252 4155 269 4189 ι.
983 4153 995 4200 1
