2994 4558
256 364 325 452 tec
538 367 582 455 Q.
610 368 821 437 uouerrr
845 369 1022 438 sulcus

377 471 382 486 Ι
400 503 594 591 Commisit,
610 505 838 598 immanesque
855 503 988 576 Rhetos

449 623 615 717 Auspiciis
632 619 762 718 pepulit
779 621 952 694 secundis:

351 737 556 834 Spectandus
574 741 607 811 in
627 739 811 822 certamine
828 741 972 832 Martio,

352 861 483 931 Devota
500 858 603 928 morti
621 872 759 952 pectora
775 857 888 932 liberae

399 978 543 1067 Quantis
562 973 717 1072 fatigaret
735 977 864 1048 ruinis:

450 1092 635 1164 Indomitae
651 1120 757 1190 prope
774 1093 879 1190 qualis
895 1095 1001 1168 undas
1266 1117 1307 1154 ²⁰

350 1217 491 1283 Exercet
505 1218 642 1303 Auster,
659 1211 832 1284 Pleiadum
848 1214 955 1286 choro

351 1330 673 1403 Scindentenubes:
693 1333 840 1430 impiger
854 1333 1001 1404 hostium

401 1450 532 1516 chare
550 1463 694 1536 turmas,
712 1464 745 1519 et
762 1448 962 1519 frementem

446 1564 584 1634 Mittere
601 1591 723 1662 equum
741 1566 867 1638 medios
883 1593 944 1662 per
961 1569 1064 1666 ignes.

351 1683 405 1751 Sic
422 1683 628 1754 tauriformis
647 1683 790 1756 volvitur
806 1687 965 1776 Aufidus,

349 1802 418 1891 Qui
435 1827 538 1899 regua
554 1805 667 1875 Dauni
684 1805 826 1900 praefluit
842 1804 982 1902 Appuli,

251 2025 399 2097 peredeum
415 2029 461 2080 snb
475 2029 540 2082 felici
556 2027 661 2096 Angruti
681 2031 758 2098 impe·
794 2030 890 2094 relate,
910 2046 987 2099 quum
1003 2029 1031 2082 in
1043 2029 1153 2084 humeris
1169 2028 1248 2082 Tauri
1266 2031 1300 2082 its

255 2110 302 2164 rie.
314 2109 524 2181 -Speetandus,
535 2107 697 2182 trepidissime,
708 2130 757 2166 nou
794 2115 861 2168 inter
876 2131 902 2168 se
913 2115 1003 2182 juncte
1017 2125 1176 2183 eppnrereut,
1188 2125 1216 2168 ut
1230 2114 1301 2168 ebori

254 2193 309 2246 sine
319 2194 482 2248 admiratione
492 2195 701 2264 contemplsrdus,
711 2195 757 2248 sd·
794 2198 846 2252 lere
857 2199 962 2266 speeiem
975 2198 1107 2261 referrent,
1119 2198 1151 2250 sb
1160 2213 1244 2250 estun
1253 2215 1300 2266 po-

253 2277 389 2330 miraudue.
401 2303 437 2352 -7
445 2277 542 2330 Devosa
551 2279 697 2348 mortipeet.
711 2278 756 2331 lr'b.
794 2282 844 2334 situ
855 2291 881 2346 et
893 2281 959 2334 inter
973 2297 1000 2333 ee
1011 2280 1140 2348 junctione
1150 2277 1243 2332 edom
1253 2295 1301 2348 sp-

254 2361 365 2429 Quantr's
374 2363 451 2430 fauit.
467 2363 560 2420 rur'm's,
571 2363 670 2431 quantis
681 2361 758 2414 dedi·
795 2364 891 2433 pelletae
908 2375 975 2418 sunt.
995 2394 1031 2406 -
1048 2362 1186 2418 Scindente
1204 2363 1300 2423 nubes,

253 2444 759 2514 busennliceretpopulosiiberammortem
795 2466 840 2518 per
860 2449 948 2502 scisses
965 2451 1045 2504 nubes
1064 2450 1215 2519 prodeunte,
1227 2449 1255 2501 h.
1275 2465 1299 2504 e.

253 2528 354 2580 servitio
373 2527 544 2596 praeferentes,
561 2529 587 2580 h.
602 2545 625 2582 e.
639 2529 759 2597 pertinaci
795 2534 900 2588 oriente.
910 2533 1302 2590 inciditautensPleisdumortrss

251 2610 354 2664 oonsilio
366 2612 397 2664 sd
408 2620 511 2664 mortem
523 2629 600 2680 uque
612 2623 755 2680 pugnantes.
796 2615 821 2670 in
833 2633 856 2668 a.
867 2616 891 2668 d.
900 2616 934 2668 X.
946 2616 1002 2670 Cel.
1013 2617 1077 2670 Mei.
1088 2616 1197 2684 meoque
1207 2616 1233 2668 in
1243 2624 1302 2668 tent·

251 2723 288 2734 --
302 2693 397 2746 stnta
411 2705 530 2763 pectora,
549 2695 623 2748 morti
635 2697 701 2749 euim
712 2714 757 2765 pro
794 2717 897 2770 pusquo
909 2711 1036 2754 ventorum
1053 2701 1113 2752 ilstu
1124 2699 1243 2754 serenitas
1259 2713 1302 2750 re-

250 2778 366 2832 libertate
382 2777 541 2846 suscipienda
554 2779 588 2832 ita
598 2795 624 2831 se
639 2779 758 2832 deserere
793 2785 849 2838 duci
863 2787 932 2840 solet.
945 2785 1065 2840 Praeclare
1080 2784 1302 2852 igitur'l'iberins,

251 2860 363 2916 solebam
377 2861 497 2914 Ger-muni
513 2874 539 2916 et
555 2862 639 2932 populi
651 2863 756 2932 Celtici,
793 2869 895 2938 populos
913 2871 1045 2924 indomitos
1059 2883 1228 2937 compescens,
1244 2883 1301 2920 eum

251 2957 289 3014 nt,
300 2965 327 3002 se
341 2948 416 3001 ritem
432 2949 513 3016 potius
528 2966 573 3016 pro
589 2949 704 3002 libertate
714 2949 758 3001 de·
793 2949 895 3018 Austro,
905 2969 971 3005 mare
981 2953 1128 3005 indomitum
1135 2957 1303 3017 compescente

251 3032 688 3103 positurosquemsehostidedituroe
695 3051 756 3098 esse,
792 3045 819 3087 et
837 3036 993 3090 serenitatem
1014 3035 1155 3098 reducente,
1173 3047 1301 3100 oompm·

250 3127 426 3170 assumentum
439 3116 536 3168 darent.
792 3129 881 3172 tur.-
889 3117 1302 3189 mediosperr'grres,ubipugnsu·

288 3209 332 3252 so.
349 3197 467 3253 Indomri.
480 3217 559 3272 prupe
570 3200 657 3272 qualis
671 3198 757 3254 undas
794 3204 827 3256 tis
836 3203 887 3256 vita
902 3203 929 3256 ln
945 3220 1067 3256 summum
1079 3202 1211 3256 discrimen
1221 3199 1303 3252 addu-

250 3280 363 3335 Exeruet
370 3285 475 3345 Auster,
489 3281 589 3336 Pierisd.
603 3282 678 3336 clroru
687 3287 757 3336 scr'n·
792 3289 867 3342 citur.
879 3289 925 3342 Sil.
935 3289 984 3342 lta.
993 3289 1054 3354 XV,
1066 3301 1096 3342 st
1110 3308 1116 3340 ι
1130 3284 1301 3340 «Permedits

248 3364 323 3420 &nte
339 3367 429 3429 nutes,
443 3385 518 3421 ruens
535 3367 562 3419 in
573 3369 656 3421 hostes
666 3385 757 3438 eosque
793 3370 896 3443 volitare
905 3371 979 3436 ecies,
989 3373 1130 3440 mediosque
1139 3387 1184 3439 per
1192 3370 1302 3436 ignerat

250 3453 398 3521 reprimens,
409 3453 445 3506 uti
458 3449 551 3506 Auster
565 3452 611 3504 snb
626 3451 755 3504 Pleiadum
793 3455 829 3508 sie
838 3451 883 3506 tre
896 3454 968 3524 πυρὸς
981 3457 1046 3524 apud
1057 3453 1170 3520 Graece,
1179 3453 1230 3505 vid.
1245 3451 1301 3504 Eu-

250 3545 307 3588 ortn
319 3536 344 3588 in
356 3553 423 3588 mere
432 3535 590 3604 procellosum
601 3551 672 3588 ruere
683 3545 708 3588 et
716 3553 755 3590 ts·
792 3539 868 3607 ripid.
878 3539 969 3592 Electr.
982 3557 1006 3592 r.
1020 3551 1098 3601 stes,
1109 3547 1135 3592 et
1144 3539 1180 3590 ibi
1189 3537 1299 3590 Bsrrses.

251 3628 378 3684 surgentes
388 3620 474 3674 ductus
483 3621 628 3689 proturbare
635 3620 705 3672 solet.
717 3649 755 3660 -
826 3630 869 3674 stt.
890 3620 933 3674 Sic
942 3620 1099 3690 tnunfirmr's
1107 3617 1294 3689 volur'turArss
1294 3657 1300 3670 .

248 3701 370 3764 Exercet,
380 3706 464 3773 agitat,
475 3705 593 3770 retrudit,
601 3705 751 3773 comprimit.
791 3715 838 3758 etc.
854 3705 927 3758 Ducis
938 3704 1025 3766 fortis,
1037 3705 1064 3758 in
1074 3705 1167 3758 medies
1177 3703 1262 3757 hostes
1272 3719 1300 3757 se

248 3787 315 3840 Note
340 3789 432 3841 seilicet
459 3787 546 3842 Austri
574 3789 749 3844 vehementia:
790 3789 920 3842 inferentis
938 3798 964 3842 et
981 3805 1092 3856 maguum
1109 3799 1212 3855 stragem
1232 3787 1298 3838 inter
1358 3807 1364 3812 ·
1470 3857 1471 3864 ἵ

250 3889 263 3916 u
272 3870 328 3922 Dux
337 3871 442 3940 inquieti
452 3872 565 3924 turbidus
574 3868 667 3936 Adria,
677 3893 690 3921 u
698 3871 748 3926 Od.
786 3889 827 3924 eos
838 3871 942 3934 edentis,
952 3889 1007 3924 cum
1022 3871 1108 3943 rapido
1117 3870 1232 3924 meritati
1248 3869 1296 3922 du·

250 3953 520 4022 libe—Pleiadum
530 3953 613 4016 eluro,
622 3953 748 4014 Pleiades,
786 3956 860 4008 rniuis
880 3957 971 4024 impetu
988 3956 1137 4024 comparatio
1151 3955 1203 4020 iarn
1237 3952 1302 4020 apssd

249 4046 341 4104 septem
362 4037 469 4092 Atlantis
491 4039 566 4109 lilius,
586 4043 651 4094 inter
668 4043 750 4096 stcllee
785 4041 902 4104 itemst,
915 4041 950 4106 V,
965 4053 1008 4104 eu,
1021 4053 1062 4108 er,
1073 4039 1200 4106 ebria30l.
1226 4037 1301 4104 Virg.
