3002 4562
466 363 558 431 usn.
584 364 667 452 ιιι,
693 365 1008 438 οιιιιιι.ιιιιιιι.
1188 366 1258 464 373
1345 457 1347 462 v

359 503 502 590 Tutum,
518 524 580 595 per
596 501 723 598 AEgaeos
739 499 898 572 tumultus

411 622 501 688 Aura
517 616 621 706 leret,
638 618 856 713 geminusque
873 615 1002 690 Pollux.

217 791 318 862 repimr.
331 793 458 863 Ejusmodi
476 804 556 848 autem
572 795 678 864 cymbas,
694 805 723 846 ot
758 805 862 864 pestates
893 795 1092 848 infestissimam.
1123 795 1262 866 Boetu'gm

216 878 340 945 nauiragis
361 889 442 932 essent
468 879 599 947 prasidio,
619 877 723 932 nasibus
757 877 995 932 Horatiuseumdem
1008 881 1033 932 in
1047 879 1156 932 boclooo
1164 889 1261 947 poetam

214 962 342 1026 oumariis,
352 974 380 1016 ut
387 963 467 1016 mbos
477 963 532 1016 lieri
541 963 610 1026 solet,
622 979 722 1016 aunem
757 960 881 1029 Granum,
889 979 904 1015 e
912 981 961 1034 quo
970 965 1035 1032 apud
1043 963 1260 1016 Luciamllermot.

216 1043 294 1098 luem.
305 1075 342 1084 -
351 1048 470 1116 per-Eg.
485 1047 587 1098 sumum
601 1045 627 1098 h.
642 1063 666 1098 e.
679 1063 724 1114 per
758 1063 779 1098 c.
801 1056 851 1108 ss,
869 1045 1042 1114 proverbium,
1063 1067 1077 1094 s
1091 1043 1129 1098 lul
1150 1045 1215 1117 ῥιπὸς
1233 1047 1260 1097 ri

214 1137 292 1180 motos
303 1127 328 1179 in
341 1129 403 1180 mari
414 1127 490 1196 Epeo
499 1129 600 1189 fluctus3
612 1137 666 1180 erat
676 1144 722 1180 au·
757 1117 853 1202 lipaios
862 1125 1026 1180 διαπλεῦσαι»
1035 1129 1148 1181 haustum
1156 1129 1262 1190 sit,ants

216 1221 266 1264 tem
278 1229 345 1265 mare
355 1213 473 1280 diganum
485 1229 530 1282 per
539 1213 605 1283 quod
620 1211 722 1264 Romam
757 1212 839 1266 ooslos
850 1213 965 1265 babuisse
974 1212 1081 1264 ridetur.
1096 1239 1132 1252 —
1143 1209 1262 1281 gsmrisus

215 1296 302 1350 advehi
309 1297 433 1350 dalsebant
442 1313 533 1350 memes
540 1297 624 1367 'lyris
635 1306 660 1348 et
669 1295 722 1365 cy·
759 1295 867 1356 Pollux,
878 1295 966 1350 Castor
976 1306 1001 1350 et
1011 1295 1115 1359 Pollux,
1125 1294 1262 1360 naviganti-

163 1415 168 1422 ·
218 1383 296 1450 pria,
315 1381 484 1448 navigantibus
500 1383 532 1434 ob
548 1381 646 1434 crebras
659 1390 722 1432 tem-
757 1379 933 1448 buspropitii3
947 1379 980 1432 ci.
994 1395 1062 1449 supr.
1071 1379 1093 1443 1,
1104 1391 1130 1447 s,
1144 1387 1170 1431 s.

249 1632 379 1689 Αιιιιιιιι.
391 1637 561 1704 Menestam,
569 1648 595 1690 ut
605 1639 635 1690 ad
646 1639 754 1692 animum
765 1637 796 1690 ab
807 1636 876 1690 urhis
886 1634 990 1705 strepitu
999 1644 1025 1688 et
1033 1635 1100 1690 euris
1107 1631 1259 1702 gravioribus

214 1723 385 1787 reficiendum,
396 1725 427 1776 ad
437 1741 464 1776 se
476 1723 597 1778 insiliam
609 1741 677 1778 suam
687 1725 772 1778 uenire
779 1763 787 1792 ,
800 1724 904 1795 latoque
916 1724 968 1786 ibi,
981 1723 1046 1792 quod
1056 1723 1080 1776 si
1088 1721 1258 1791 apparaverit,

212 1809 322 1862 oonsirio
333 1801 451 1864 iuteresse
459 1811 536 1876 velit,
556 1811 651 1864 blandis
663 1813 757 1882 pariter
766 1828 794 1862 ao
810 1811 923 1878 grauibus
940 1825 1079 1880 permovere
1089 1807 1170 1860 studet
1181 1807 1258 1858 ratio-

212 1893 296 1947 nibus.
306 1925 341 1936 -
350 1895 416 1965 ipsis
428 1896 547 1948 divitibus
563 1897 599 1948 alt
611 1897 743 1965 jucundam
762 1914 825 1966 sape
839 1897 896 1948 sita
914 1895 1015 1946 urbano
1024 1911 1080 1947 oum
1091 1894 1179 1945 rusties
1188 1907 1257 1942 oom-

212 1982 372 2034 mutstionem
381 1999 450 2044 esse,
460 1999 505 2036 nee
515 1999 571 2034 raro
580 1999 622 2035 eos
633 1983 668 2034 ibi
680 1983 706 2034 in
717 1999 791 2051 parra
803 1981 877 2035 ὀοιιιο
893 1981 1001 2034 ιιιὶιιιιιιιι
1017 1995 1088 2032 sunm
1104 1977 1259 2044 exhilarare,

213 2093 248 2104 -
257 2067 315 2118 anni
325 2077 418 2128 sutmn,
428 2068 493 2136 quod
504 2085 569 2120 nune
579 2067 659 2133 adsit,
670 2077 781 2136 tempus,
792 2067 837 2119 uhi
847 2067 882 2119 sol
891 2067 1064 2118 uehementius
1074 2063 1169 2128 sarist,
1180 2059 1257 2112 rusti·

211 2151 302 2226 ostioni
319 2152 432 2220 inprimis
456 2163 619 2222 opportunum
639 2169 709 2220 esse;
726 2153 883 2206 Mmsnatem
901 2152 977 2218 igitur
992 2151 1148 2217 semetipsum
1165 2145 1258 2198 latiore

211 2236 266 2288 ritas
277 2237 356 2290 iruetu
364 2238 525 2302 deimudam,
535 2240 601 2308 quod
612 2239 638 2292 in
649 2239 725 2304 urbe,
735 2239 775 2292 usi
786 2255 851 2290 nune
860 2237 988 2307 proiectus
1000 2237 1045 2302 sit,
1058 2243 1168 2298 maneat;
1181 2241 1217 2297 et,
1225 2229 1258 2282 da

210 2322 264 2389 ejas
273 2323 350 2376 salute
359 2324 463 2378 nimium
473 2323 605 2390 sollicitas,
625 2323 716 2382 lmstm
724 2363 732 2388 ,
741 2341 796 2394 qua
807 2323 884 2378 exteri
895 2325 978 2378 hostes
987 2330 1072 2374 eontra
1082 2315 1254 2386 oenpnotion

212 2407 352 2478 moliantur,
361 2410 517 2476 extimescam
527 2411 559 2462 de
575 2409 653 2462 lutari
670 2412 737 2464 enim
747 2410 864 2479 temporis
874 2409 942 2462 exitu
951 2445 959 2474 ,
968 2425 1041 2478 quem
1050 2404 1185 2475 prudenter
1196 2401 1257 2454 deus

211 2497 328 2565 oomltet,
340 2499 414 2552 stulte
427 2515 491 2569 ssspe
504 2499 628 2569 trepidare
638 2500 766 2563 homines,
779 2515 840 2568 quos
852 2501 878 2552 in
889 2507 956 2551 racto
967 2499 1048 2568 potius
1057 2513 1103 2548 usu
1114 2493 1181 2562 ejus,
1190 2490 1255 2560 quod

110 2571 114 2580 ⁸
211 2584 295 2650 adest,
305 2586 458 2654 aequiesoere
474 2585 558 2640 deoeat
568 2605 576 2652 3
588 2603 664 2656 quum
675 2603 758 2640 remur
771 2587 934 2640 humanarum
944 2582 1086 2638 vicissitudo
1099 2577 1189 2633 similis
1205 2577 1256 2628 lere

210 2671 377 2740 sithominis,
394 2673 465 2726 modo
480 2674 570 2727 leniter
585 2686 612 2727 et
628 2675 722 2746 placide
739 2675 899 2745 profluentis,
916 2673 987 2726 modo
1002 2685 1151 2739 magnorum
1162 2668 1256 2734 impetu

211 2758 363 2822 exsurgentis
373 2767 399 2809 et
410 2774 511 2826 qunque
520 2759 569 2810 sibi
581 2760 653 2813 obuia
662 2761 783 2814 violenter
791 2777 871 2812 samm
886 2758 1047 2827 abripientis,
1066 2756 1165 2820 cursui,
1185 2751 1254 2804 illam

210 2840 298 2902 solum,
308 2841 358 2906 out,
370 2841 449 2892 libero
457 2842 491 2893 ab
499 2843 567 2894 omni
577 2843 725 2911 eupiditate,
737 2862 764 2896 se
774 2844 820 2904 iis,
829 2859 884 2912 quse
893 2843 998 2912 quisque
1007 2841 1061 2894 dies
1073 2839 1140 2904 tulit,
1152 2835 1254 2889 irnitum

210 2943 274 2993 esse,
284 2926 366 2978 dicere
375 2925 455 2992 liesat,
465 2943 522 2978 sare
534 2927 628 2980 lelioem
638 2945 705 2996 esse,
717 2947 762 2982 neo
773 2930 852 2998 ipsum
862 2928 948 2981 Josem
961 2927 1034 2980 semel
1045 2935 1158 2996 poroepsa
1168 2923 1192 2973 ei
1201 2921 1255 2974 eri-

211 3029 270 3081 pem
288 3029 373 3082 posse,
389 3013 522 3064 Fortunam
531 3013 631 3084 quidem
642 3015 785 3068 mutabilem
796 3031 861 3078 esso,
877 3025 903 3068 et
917 3015 988 3067 modo
1000 3015 1074 3077 huie,
1090 3009 1162 3064 modo
1176 3007 1219 3059 alii
1230 3023 1256 3058 se

210 3097 341 3166 henigm
352 3099 474 3166 probere3
491 3099 552 3162 sed,
570 3099 592 3149 si
604 3099 667 3150 forte
677 3098 718 3151 illa
728 3101 776 3152 sibi
786 3111 901 3169 appareat
912 3101 1029 3169 iniquior,
1045 3099 1160 3148 virtutem
1173 3103 1252 3144 tutum

210 3183 258 3236 sibi
271 3193 355 3236 eontra
368 3200 421 3235 eam
433 3191 549 3252 prostare
560 3183 710 3252 pmidium,
721 3201 765 3238 neo
777 3186 900 3254 pertinere
910 3186 941 3238 ud
953 3201 979 3237 se
989 3183 1059 3236 illum
1072 3181 1253 3247 timoremque

210 3271 331 3337 naufragii
349 3279 459 3340 tempore
469 3271 500 3322 de
513 3271 630 3322 bonorum
644 3287 742 3323 suorum
752 3272 846 3339 jactura
858 3280 976 3324 mercator
988 3267 1149 3336 expallescere
1165 3263 1250 3316 soleat.

210 3385 244 3394 —
260 3355 341 3422 Quum
359 3367 527 3424 armamentum
545 3356 619 3424 hujus
634 3357 766 3425 carminis,
782 3358 848 3428 quod
864 3359 889 3409 in
906 3353 1070 3410 honestissimi
1085 3352 1142 3402 vitm
1160 3351 1252 3400 imatus

209 3441 416 3496 sommendatione
431 3455 548 3509 versatur,
565 3445 612 3510 iarn
629 3461 672 3512 per
688 3461 715 3497 se
730 3444 765 3496 ita
773 3453 938 3512 comparatum
952 3441 996 3504 sit,
1011 3449 1040 3492 ut
1050 3436 1120 3490 iacile
1134 3434 1251 3502 mjusque

210 3524 305 3578 lectoris
314 3527 423 3580 animum
432 3529 536 3581 delectet
544 3539 570 3580 et
580 3530 687 3582 maniter
695 3529 808 3597 deliniat,
819 3529 880 3599 quid
891 3529 995 3592 mirum,
1007 3525 1028 3579 si
1041 3533 1134 3576 tantum
1145 3518 1207 3573 illud
1217 3518 1249 3570 ab

209 3611 324 3666 omnihus
333 3613 442 3682 plausum
453 3615 548 3683 tulerit,
556 3626 584 3668 ut
592 3615 615 3667 in
626 3615 913 3686 prastantissimisquum
923 3613 1030 3680 lloratij,
1039 3622 1088 3665 tum
1097 3609 1176 3662 omnis
1182 3604 1249 3658 anti-

207 3697 310 3767 quitatis
326 3698 458 3752 haberetur
466 3699 633 3754 carminibus!
645 3699 763 3754 Ceterum
776 3702 894 3770 observa,
908 3719 981 3772 quam
998 3700 1057 3752 scite
1066 3693 1183 3750 Horatius
1199 3701 1249 3742 tam

208 3783 376 3853 ssotosqusn
385 3783 510 3853 Epicurea
519 3785 681 3856 philosophias
691 3785 747 3838 sisa
757 3797 877 3856 precepta
889 3787 990 3840 interae
999 3779 1153 3850 conjunxerit
1161 3798 1169 3843 ;
1180 3787 1205 3828 et
1215 3775 1250 3827 sie

208 3871 290 3922 neubi
302 3871 429 3940 utriusque
444 3871 580 3941 discipline
595 3891 622 3926 se
639 3873 710 3926 unies
725 3871 848 3934 addietum
865 3889 918 3926 esse
930 3872 957 3924 iu
976 3872 1022 3926 hoo
1032 3883 1129 3940 quoque
1142 3861 1249 3918 carmine

206 3953 350 4008 osmoderit.

242 4041 278 4094 Ν.
288 4043 319 4096 Β.
335 4043 392 4097 Non
404 4043 475 4098 alites·
486 4047 516 4100 de
529 4049 573 4102 hoo
582 4051 689 4102 carmine
699 4049 821 4101 sentiebat
831 4046 996 4116 peritissimus
1010 4043 1052 4096 ille
1065 4058 1176 4111 poeseos,
1190 4037 1246 4108 phls

1046 4136 1110 4274 24⁸·
