2994 4558
509 379 600 446 ern.
627 377 692 466 rv,
718 379 869 447 enan.
896 379 981 447 vn.
1197 377 1269 464 [με

296 514 368 582 Nec
380 511 513 582 Lethaea
529 511 616 583 valet
625 513 771 583 Theseus
784 513 983 609 abrumpere
996 541 1076 586 caro

346 629 490 702 Vincula
504 631 667 702 Pirithoo.

224 865 281 900 nam
298 867 330 902 ne
344 851 396 920 ipsa
411 851 599 922 Dianaquidem
611 853 725 923 pudicam
761 851 861 907 Isalca
870 851 1027 906 valeam
1036 862 1082 906 eto.
1094 853 1265 909 Nec'l'heseus

223 932 383 1004 Hippolytum
394 936 419 988 in
428 935 503 990 vitam
514 953 626 992 menoare
635 938 723 1006 potuit
761 935 865 990 amimm
881 953 953 988 suum
962 937 1103 989 Pirithoum
1116 955 1131 989 a
1142 937 1245 990 vinculis
1257 977 1266 1006 ,

222 1016 411 1087 DeHrppulytm
422 1019 523 1086 Thesei,
536 1016 725 1071 Atheniensium
760 1021 850 1090 quibus
867 1037 882 1073 a
902 1021 1008 1074 Plutone
1027 1019 1092 1072 saxis
1110 1019 1221 1088 alligatus
1241 1022 1268 1074 in

222 1102 299 1167 regis,
314 1102 376 1168 filio,
388 1103 477 1154 frustra
489 1119 613 1156 auorerca
622 1103 727 1156 Phodrn
761 1103 826 1157 Orco
845 1103 989 1165 cohibetur,
1009 1101 1116 1154 liberare
1133 1102 1206 1154 valet.
1229 1101 1267 1155 De

222 1184 254 1236 sd
273 1184 391 1236 incestum
409 1201 516 1238 amorem
537 1185 654 1254 pellecto,
673 1185 724 1240 rid.
760 1183 1266 1256 Pr'n‘olooel.supr.ed111,t‚eo.vnlgo

221 1267 724 1340 Hygln.Fnh.XLV11,etihi1nserprett.
760 1269 860 1340 quidem
876 1269 990 1322 Theseus
1005 1285 1055 1322 una
1069 1285 1125 1322 enm
1139 1269 1267 1337 Pirithoo,

220 1353 326 1407 Devotus
342 1370 430 1422 nempe
446 1353 595 1424 hippolytus
611 1371 626 1407 a
643 1363 726 1426 patre,
761 1369 866 1422 quocum
885 1353 916 1404 ad
933 1351 1106 1422 Proserpinam
1124 1352 1266 1422 rapiendam

220 1435 286 1506 npud
299 1453 372 1506 quem
385 1435 447 1489 falso
460 1453 474 1489 a
489 1435 595 1489 thdrn
611 1437 727 1491 intentati
761 1432 914 1488 descenderit
924 1433 951 1486 ln
961 1431 1067 1498 Orcum,
1080 1451 1094 1488 a
1110 1434 1215 1488 Plutone
1230 1435 1267 1488 ibi

220 1521 299 1590 stupri
307 1521 463 1574 insimulatus
470 1520 741 1590 ineratquumadlie
761 1528 871 1572 retentus
888 1535 942 1572 esse
960 1518 1081 1588 traditur;
1101 1519 1144 1571 sed
1166 1520 1268 1573 fuerunt

221 1613 261 1658 tns
269 1605 344 1657 maris
355 1621 455 1656 mimum
464 1613 555 1671 ageret,
566 1604 635 1674 equis
644 1604 727 1660 subito
760 1620 857 1674 quoque
864 1603 1020 1670 hauddubie,
1029 1619 1090 1672 quos
1099 1603 1161 1656 lior.
1170 1613 1267 1658 secutus

220 1687 310 1740 murini
322 1687 425 1741 monstri
442 1688 540 1740 incursu
555 1687 725 1752 consternatio,
760 1698 816 1754 eet,
834 1689 896 1754 alii,
913 1688 957 1758 qui
972 1685 1097 1740 Theseum
1116 1706 1167 1742 non
1183 1689 1266 1742 statim

221 1780 329 1841 raptatus
348 1787 377 1823 ac
394 1769 531 1839 discerptus
551 1786 605 1822 esse
624 1769 724 1822 dicitnr.
761 1789 816 1824 orm
828 1771 958 1837 Pirithoo,
969 1771 1012 1823 sed
1024 1773 1102 1824 serius
1112 1772 1143 1824 ad
1156 1771 1227 1824 illum
1235 1789 1267 1825 er

220 1852 337 1922 Sequitur
352 1863 433 1906 autem
444 1851 562 1906 Horatius
570 1855 727 1906 remotiorem
762 1855 827 1910 Orco
842 1855 998 1909 liberandum
1012 1873 1042 1908 eo
1057 1856 1226 1923 descendisse,
1241 1866 1268 1909 et

221 1937 385 1990 narrationem
402 1951 485 1988 eorum
495 1971 504 1999 ‚
516 1935 561 2004 qni
573 1934 676 1988 libram
685 1935 727 1987 di·
763 1950 822 2004 tum¹
834 1938 933 1992 denum
952 1955 968 1992 a
987 1939 1093 1992 Plutone
1109 1939 1147 1990 ibi
1163 1940 1267 1992 vinculis

219 2019 277 2074 lecti
291 2021 341 2074 sibi
357 2021 428 2090 pueri
441 2029 545 2072 mortem
561 2018 654 2071 insiste
667 2019 727 2088 qui-
762 2023 919 2074 constrichrm
929 2037 982 2074 esse
991 2021 1119 2086 lingerent.
1130 2020 1267 2090 Namquod

219 2106 290 2170 dem,
303 2106 346 2158 sed
360 2105 519 2174 neutiquam,
529 2102 595 2172 quod
604 2101 727 2154 recentio-
762 2103 807 2156 elii
824 2113 928 2171 putant,
944 2101 1095 2169 capiundum
1112 2119 1178 2155 nunc
1191 2101 1223 2155 de
1237 2119 1268 2156 so

219 2205 274 2241 rum
283 2197 447 2242 commentum
457 2195 511 2248 est,
525 2184 660 2240 minimis
670 2199 727 2236 eum
763 2193 872 2254 tempore
889 2201 958 2248 esso,
976 2185 1090 2254 quoiam
1106 2183 1219 2236 Theseus
1234 2185 1267 2236 ab

220 2272 357 2335 reduxisse,
371 2272 410 2324 vel
421 2270 453 2323 ab
468 2268 610 2337 AEsorlapio
620 2269 727 2320 musci·
762 2267 867 2320 Hercule
884 2285 916 2320 er
929 2265 995 2320 Orto
1010 2268 1123 2320 reductus
1135 2267 1228 2330 inerit,
1240 2265 1267 2318 id

220 2363 296 2408 tantm
312 2354 359 2407 sub
372 2353 461 2406 Virbli
477 2351 576 2405 nomine
588 2350 615 2402 in
626 2367 727 2404 nectere
762 2349 1005 2420 reinteqmuerm
1016 2359 1067 2415 est,
1077 2365 1163 2418 parum
1175 2365 1267 2402 mom-

219 2432 322 2488 Aricino
334 2435 514 2489 abscondidisse
526 2433 724 2504 uadunt—pu·
761 2434 883 2486 medatem
905 2443 952 2486 est.
972 2434 1049 2486 Poeta
1067 2433 1150 2499 enim,
1170 2433 1265 2486 nubum

220 2511 315 2578 dabam,
325 2519 384 2571 hino
393 2521 458 2588 apud
467 2519 584 2587 Propert.
599 2516 647 2585 IV,
660 2529 686 2583 e,
697 2529 723 2584 o,
758 2518 860 2571 omuino
875 2534 906 2570 ex
921 2515 986 2570 Orco
1002 2517 1085 2570 redum
1101 2533 1188 2586 posse,
1201 2533 1265 2570 nnnc

220 2599 252 2650 de
264 2601 429 2671 lenavaliqus:
442 2621 456 2649 «
465 2603 541 2662 Docta
552 2601 590 2655 rel
600 2601 723 2673 Hippoly-
759 2601 1103 2672 probarevult.-·-Vid.llom¹
1112 2601 1264 2668 0d.h,too;

221 2681 725 2755 tumVenerimollirenegnntem.»-Nec
759 2686 1080 2756 etVirgll.AEn.'V1‚eot
1094 2698 1120 2741 et
1130 2698 1190 2740 est.
1205 2687 1252 2738 Fm.

254 3003 387 3052 nureo.
401 2997 447 3050 list
455 2999 501 3054 boc
507 3013 605 3052 carmen
613 3000 717 3054 carmini
724 3009 811 3072 quarto
818 3000 878 3056 libri
887 3001 961 3071 primi
970 2999 1133 3054 simillimum.
1147 3000 1179 3053 Io
1197 3009 1266 3052 utro-

217 3101 268 3154 que
283 3085 351 3138 enim
367 3083 476 3138 carmine
493 3093 565 3152 poeta
583 3085 673 3139 amicos
685 3103 757 3154 suos,
771 3087 798 3139 in
813 3087 859 3142 boc
871 3087 972 3156 quidem
985 3086 1161 3158 Torquatum,
1177 3085 1203 3136 in
1221 3084 1266 3136 illo

218 3173 344 3236 Sextilem,
354 3174 414 3226 dum
422 3175 488 3228 veris
497 3174 604 3226 reditum
616 3175 647 3226 iis
658 3186 715 3229 ante
724 3177 806 3232 omlos
814 3178 885 3247 pouit
893 3213 903 3246 ,
912 3177 944 3230 sd
954 3177 1011 3230 vim
1021 3175 1167 3228 brevitatem
1176 3183 1202 3227 et
1210 3191 1264 3228 mo-

219 3261 300 3314 riendi
309 3260 479 3314 necessitatem
490 3260 600 3312 animum
609 3261 742 3330 advenere,
751 3273 776 3316 et
784 3264 843 3317 hinc
850 3261 1049 3332 sepimentum
1055 3260 1185 3325 licet‚ritae
1192 3258 1264 3311 honis

218 3356 246 3399 et
252 3347 404 3414 inmeditate
413 3347 507 3416 perimi
517 3345 687 3415 jubet-Qui
696 3349 838 3416 diligentem
846 3350 920 3417 hujus
930 3347 1047 3402 caminia
1055 3363 1111 3400 ctam
1120 3344 1206 3396 Nostri
1214 3345 1237 3410 l,
1247 3357 1262 3396 s

218 3437 421 3503 comparationem
440 3436 570 3488 instituere
590 3437 668 3500 volet,
688 3437 803 3492 facillimo
821 3439 870 3507 ipsi
888 3435 1008 3490 constabit
1027 3433 1137 3501 ceptio,
1152 3431 1264 3500 proprius

220 3523 333 3591 utrique,
343 3539 489 3594 quamquam
506 3524 534 3576 iu
547 3510 632 3578 codem
646 3537 788 3593 argomento
800 3536 930 3596 occupato,
941 3525 1022 3576 inesse
1032 3524 1100 3576 dotes
1108 3521 1212 3592 lyricae,
1224 3521 1263 3574 ie·

217 3609 372 3677 eundumque
389 3626 417 3660 ac
434 3611 613 3662 sententiarum
631 3613 779 3664 variatarum
799 3621 1020 3680 exornaturamque
1036 3608 1105 3678 eopia
1123 3605 1262 3658 instructis-

218 3693 306 3746 simum
315 3697 372 3762 Jnre
386 3695 503 3759 babebit,
514 3698 579 3765 quod
595 3697 620 3749 in
633 3707 704 3766 poeta
714 3700 830 3768 suspiciat
842 3699 977 3766 ingenium.
989 3695 1099 3748 Alterius
1109 3692 1175 3744 enim
1185 3707 1261 3761 quum

219 3780 325 3834 incessus
336 3783 408 3850 paulo
421 3781 500 3836 letior
516 3785 549 3836 sit
561 3795 635 3856 atque
644 3785 757 3854 hilarior,
770 3789 968 3854 phantasmatum
978 3784 1060 3850 vigore
1073 3781 1136 3832 nire
1146 3779 1261 3845 adjutus,

218 3867 380 3936 huieqnidem
388 3879 458 3934 poeta
465 3871 605 3936 grauitatem
612 3873 741 3942 qrmmdnm
748 3873 944 3941 contenteque
953 3869 1062 3938 penitius
1070 3881 1261 3933 mnsunm‚qucs

218 3949 278 4002 illud
288 3952 401 4020 explicat,
411 3947 447 4004 ris
456 3971 484 4006 ac
491 3957 581 4007 veritas
590 3955 616 4009 in
626 3958 758 4023 legentium
768 3961 863 4011 unimus
873 3957 1040 4009 descenderet.
1052 3951 1260 4004 En-Cerernm

219 4037 244 4091 ln
257 4040 402 4092 seutentiam
421 4039 493 4106 hujus
508 4043 623 4094 carminis
634 4045 684 4095 rid.
697 4063 764 4114 supr.
777 4045 859 4097 Anal.
870 4043 901 4094 ad
910 4044 948 4108 11,
961 4053 975 4094 o
986 4052 1010 4094 ct
1024 4051 1063 4106 tt,
1074 4039 1106 4092 cl.
1119 4053 1216 4107 qrscquc
1229 4037 1261 4088 de
