2834 4546
477 275 651 344 METRA
675 273 866 346 LYRICA.
1178 275 1200 346 5

210 415 327 478 Cesnra
340 412 392 478 bis
405 411 525 476 omissa
539 429 609 479 esa:

254 548 330 602 Dum
344 542 660 620 flagrmenaetorque
672 545 709 604 ad
722 547 829 604 oscula.
845 547 884 616 11,
900 563 945 616 ro,
957 544 1002 602 25.

254 648 318 702 Non
332 644 470 722 stipendia
483 645 661 722 Carthaginis
674 647 775 722 impia.
791 648 840 716 IV,
854 647 881 716 8,
894 667 938 720 ¹7·

206 766 306 831 Mirari
318 765 405 846 licet,
417 765 616 845 Bentleium,
626 765 718 846 dum,
731 767 765 832 in
777 781 847 832 not.
861 765 903 830 ad
914 785 1000 832 vers.
1013 781 1193 853 poster.ex

164 897 254 963 pausa
263 873 412 940 inmedia
420 896 505 940 voce
516 875 693 940 constituta
703 891 930 962 argumentum
938 897 1052 944 versus
1061 873 1197 940 delendi

163 999 281 1071 petens,
293 982 537 1063 vehementior,
550 985 597 1050 uti
613 986 710 1063 solet,
722 985 756 1049 in
773 985 1001 1052 tenebrionem
1016 983 1120 1060 iilum,
1137 983 1194 1070 qui

163 1091 245 1157 hunc
255 1115 383 1158 versum
392 1095 612 1172 contexuerit,
624 1093 804 1174 invehitur,
815 1093 986 1182 adjecisse:
1000 1097 1197 1179 «Nunquam
1254 1168 1258 1184 Ι

161 1225 203 1266 ne
220 1203 317 1268 semel
337 1202 471 1290 quidem
491 1201 618 1288 (sciens
641 1203 707 1268 hoc
730 1203 877 1293 affirmo)
898 1185 1045 1270 discessit
1066 1201 1108 1268 ab
1132 1199 1194 1264 hac

158 1312 379 1398 (observande
391 1337 512 1402 nempe
524 1315 667 1403 caesare)
679 1316 794 1402 regula
802 1319 922 1382 Noster
933 1316 968 1382 in
980 1333 1077 1384 versu
1087 1312 1194 1382 hecle-

159 1421 281 1508 piadeo.
301 1451 316 1481 s

200 1531 304 1596 Semel
315 1533 351 1596 in
363 1553 462 1619 pausa
474 1529 586 1598 brevis
599 1546 649 1598 eet
659 1531 804 1618 syllaba:

234 1665 321 1736 Quam
335 1663 359 1720 si
373 1663 515 1738 quidquid
529 1673 590 1720 arat
603 1664 725 1740 impiger
736 1664 855 1741 Apulus.
872 1663 927 1734 ΙΙΙ,
941 1664 985 1735 16,
998 1663 1043 1720 26.
1086 1643 1090 1666 ⁸

202 1783 307 1848 Hiatus
320 1801 369 1850 est
379 1783 416 1848 in
428 1805 527 1872 pausa
538 1787 567 1864 1,
582 1786 616 1863 6,
629 1787 682 1866 15,
694 1785 757 1850 nisi
767 1784 855 1872 legas
866 1786 1035 1850 Meroen.

198 1893 421 1959 armeno
434 1897 461 1972 1,
474 1897 588 1973 11‚1n‚
603 1897 657 1961 lv.
737 1883 744 1896 '

198 2053 227 2114 9.
247 2053 367 2116 Versus
380 2049 610 2138 Asclepiadem
622 2052 726 2136 major
742 2071 768 2114 s.
786 2045 1027 2114 choriambicns
1042 2057 1194 2110 tetrame-

153 2175 215 2237 ter,
231 2158 442 2225 antecedenti
457 2159 589 2239 similis,
605 2159 669 2225 nisi
684 2157 777 2248 quod
792 2181 859 2224 nno
876 2154 982 2222 adhuc
999 2151 1191 2220 choriambo

150 2271 275 2336 auctior
289 2285 350 2336 est.

213 2411 255 2422 .-
306 2399 399 2422 m.
422 2379 438 2452 p
456 2400 552 2422 „m
573 2380 586 2450 Η
610 2399 703 2420 m-
755 2401 795 2430 uu

210 2473 282 2546 Quis
290 2483 357 2550 post
366 2472 434 2530 rina
441 2490 560 2548 gravem
567 2471 696 2530 militiam
704 2483 754 2528 aut
761 2471 928 2549 pauperiem
936 2479 1041 2546 erepat„
1056 2462 1174 2536 1‚1s,5,

194 2604 302 2668 Semel
311 2617 437 2668 tantum
447 2625 569 2668 caesnra
577 2601 842 2691 postsecundum
850 2599 1077 2666 choriambum
1083 2597 1188 2664 abest.

232 2737 389 2810 hrmniqne
401 2733 473 2792 fides
486 2733 608 2811 prodiga
620 2733 797 2810 perlucidior
810 2731 895 2787 virro.
914 2733 936 2802 1,
951 2731 995 2799 16,
1008 2729 1051 2786 16.

193 2857 251 2918 Est
263 2853 299 2917 in
312 2870 417 2920 metro
429 2857 470 2918 V.

190 3011 245 3074 10.
266 3012 388 3076 Versus
399 3007 670 3098 Aristophanicns
685 3031 712 3072 s.
729 3005 972 3072 choriambicus
987 3004 1129 3069 dimeter
1140 3025 1192 3068 ca·

140 3117 283 3185 taleetns
293 3117 329 3182 in
342 3113 605 3205 amphibrachyn
615 3115 703 3205 (m)
715 3132 769 3182 aut
779 3115 954 3183 bacchium
965 3113 1066 3204 (--).

345 3319 406 3376 Cur
419 3336 514 3394 neque
527 3316 664 3376 militaris.
681 3319 705 3386 1,
717 3320 748 3388 8,
759 3317 784 3374 5.

180 3439 242 3500 Est
254 3435 292 3498 in
304 3447 414 3499 metro
425 3435 495 3500 vil.

183 3595 239 3656 11.
262 3592 388 3656 Versus
405 3586 589 3675 Sapphicus
603 3589 727 3669 minor,
745 3602 899 3654 constans
917 3609 957 3652 ex
972 3583 1105 3673 dipodia
1123 3596 1193 3646 tro·

132 3700 256 3780 choica
271 3711 307 3763 et
318 3717 418 3763 versu
432 3696 650 3764 antecedenti.

280 3827 369 3846 -U--
423 3836 441 3845 -·
463 3805 475 3876 Η
497 3827 558 3846 υυ-
611 3828 674 3858 υ-Ἁ

278 3900 368 3958 Ludit
381 3899 507 3958 herboso
520 3921 605 3977 pecus
619 3922 704 3960 omne
717 3921 827 3979 campo.
844 3902 895 3972 m,
909 3899 953 3970 18,
965 3919 993 3975 9.

1014 3991 1044 4064 ιδ
