2950 4548
229 338 276 433 96
510 339 554 426 Q.
581 285 790 407 nonnnu
815 339 992 408 renem

325 476 442 544 Visum
460 490 556 570 perte
571 473 687 569 lupum
701 477 862 573 graminis
874 478 1061 566 immemor,
1234 479 1271 534 30

326 589 468 664 Sublimi
481 593 589 687 fugies
603 590 712 662 mollis
726 590 893 682 anhelitu3

421 712 500 782 Non
514 710 580 780 hoc
593 707 760 804 pollicitus
774 726 848 780 tuae.

324 828 490 900 Iracunda
503 828 593 898 diem
607 826 758 922 proferet
771 825 835 896 llio

324 946 555 1039 Metronisque
567 943 738 1038 Phrygum
751 940 863 1013 classis
874 940 1017 1014 Achillei
1031 969 1038 1011 :

327 1066 407 1134 Post
420 1077 527 1133 certas
540 1061 667 1131 hiemes
680 1075 755 1130 uret
765 1060 911 1131 Achaius
925 1075 928 1088 '
955 1116 956 1119 ,

420 1182 513 1278 Ignis
526 1184 726 1276 Pergameas
740 1177 870 1250 domos.

230 1397 276 1440 ero.
293 1385 384 1439 Sensus
403 1404 410 1437 :
428 1403 501 1456 quem
521 1386 594 1439 simui
610 1403 637 1438 ee
651 1388 734 1456 procul
769 1404 793 1439 v.
809 1398 879 1456 ⁴³0,
896 1404 922 1440 se
933 1385 1048 1439 Menelao
1063 1385 1188 1439 fortiorem
1200 1385 1275 1453 jecur

228 1469 396 1540 conspexeris,
411 1470 495 1522 eedem
507 1469 605 1546 surim,
621 1469 735 1522 ethome
769 1471 855 1538 Puris,
867 1471 1015 1524 strictorem
1028 1471 1162 1522 redimrunr
1175 1469 1275 1522 Helene

231 1553 350 1607 molliret
366 1553 482 1620 ignarus,
500 1551 624 1620 ceieriteie
641 1550 734 1619 fugies,
769 1555 944 1624 poiiioetur.-
950 1567 1012 1614 ruoe,
1021 1554 1120 1606 Helene
1137 1553 1272 1606 uxorisne.

230 1655 278 1708 que
294 1637 346 1688 fere
360 1653 461 1704 servus,
474 1636 546 1688 simul
563 1653 592 1688 ac
608 1635 693 1704 lupum
708 1635 734 1686 in
769 1637 810 1691 Sic
821 1639 847 1691 in
861 1637 958 1691 Tibuii,
970 1637 1019 1704 IV,
1033 1650 1046 1689 'i
1060 1656 1065 1688 :
1086 1657 1098 1684 u
1114 1637 1239 1704 Necleget
1250 1637 1274 1689 id

230 1722 307 1773 nitere
316 1719 385 1771 milis
394 1729 463 1788 perte
472 1720 606 1789 prospexit,
616 1737 631 1772 e
640 1721 734 1789 pascuis
770 1741 851 1790 nemo,
860 1739 932 1794 quem
943 1737 1011 1775 mens
1022 1729 1089 1788 ente,
1099 1721 1182 1773 velim.
1197 1742 1210 1770 s

231 1802 314 1857 stetim
332 1802 473 1870 (gruminis
488 1800 634 1865 inmoritur)
652 1803 735 1869 fugere
807 1816 849 1858 33.
865 1803 1031 1857 iracunda...
1052 1804 1141 1856 classis
1154 1801 1274 1864 Achaioi,

232 1888 424 1956 solen-perse
435 1887 463 1937 in
473 1887 563 1938 olum.
575 1886 735 1956 Heocompa-
769 1888 797 1939 h.
816 1905 839 1939 e.
859 1887 989 1939 iracundus
1006 1887 1038 1939 ob
1052 1897 1160 1955 ereptam
1179 1889 1228 1939 sibi
1244 1889 1276 1940 ab

233 1972 328 2024 ratione
336 1971 414 2040 major
424 1972 563 2025 ostenditur
572 1971 670 2023 Paridis
681 1989 735 2024 me·
771 1970 953 2040 Agamemnone
963 1972 1098 2024 Briseidem
1110 1968 1228 2025 Achilles.
1241 2003 1276 2011 —

233 2066 286 2124 ius,
302 2057 345 2127 qui
365 2055 500 2108 Diomeden
517 2073 566 2108 non
582 2056 631 2107 sibi
651 2056 737 2124 proxi·
772 2054 917 2116 Achilleus,
927 2058 1027 2126 entique
1037 2057 1124 2124 forme,
1135 2067 1162 2108 ui
1170 2075 1237 2126 supr.
1250 2069 1276 2126 6,

233 2157 310 2209 mum,
320 2142 361 2192 sed
370 2157 384 2192 e
392 2141 525 2210 longinquo
535 2149 688 2208 prospectum
698 2157 738 2192 ce-
774 2153 789 2192 ¹1
800 2157 806 2188 ε
820 2137 939 2200 Πὶιὶτειιε,
952 2157 997 2208 pro
1006 2139 1101 2192 Ulixes.
1109 2138 1277 2192 —rrncunda

233 2223 333 2276 len-ime
343 2223 414 2290 fugit.
423 2253 459 2262 -
463 2224 590 2293 gramineis
601 2223 734 2275 inmemor.
772 2223 872 2282 classis,
884 2224 996 2292 exempia
1006 2225 1038 2274 de
1047 2223 1171 2290 adjectivis
1188 2241 1237 2276 non
1247 2223 1278 2276 ed

234 2306 275 2358 Sic
285 2321 354 2357 neces
363 2306 428 2374 apud
436 2305 508 2373 Virg.
521 2305 574 2356 Ed.
585 2305 669 2373 vin,
683 2316 737 2373 ῳ
774 2325 877 2376 nomen,
886 2309 926 2360 eui
937 2308 1019 2359 addite
1030 2317 1104 2372 sunt,
1117 2309 1160 2360 sed
1171 2309 1201 2360 ad
1211 2307 1278 2360 aliud

234 2389 342 2455 gramine
352 2388 503 2456 depascendo
517 2389 548 2440 nd
557 2389 665 2441 carmine
679 2407 738 2458 pes·
773 2391 879 2442 vicinum
891 2391 1042 2454 reiciendis,
1056 2391 1149 2460 ubique
1159 2391 1277 2444 obvie.—

237 2482 316 2524 iorum
326 2471 445 2524 audienda
458 2473 541 2524 subito
549 2489 676 2541 converse,
689 2476 738 2524 rin·
773 2473 848 2532 diem,
857 2475 955 2526 iatuiem
964 2475 1053 2526 excidii
1060 2476 1136 2538 diem,
1144 2476 1275 2528 excidium.

235 2553 744 2608 ›neminemnemine-Subhmi
774 2557 1277 2633 -pmseret‚diiieret.—Mutmnisquc‚

236 2636 365 2698 ardema,
381 2638 407 2689 h.
423 2655 446 2690 e.
463 2655 490 2690 os
507 2647 532 2690 et
545 2646 617 2706 ceput
635 2638 740 2692 sublime
775 2642 805 2693 sd
821 2641 1002 2693 miserationem
1016 2644 1158 2696 movendam
1170 2645 1280 2698 mentio-

238 2721 362 2786 stioilens,
370 2723 402 2774 de
410 2739 477 2775 more
484 2721 741 2792 anhelantiumqussi
775 2740 831 2776 nem
841 2723 898 2775 iacit
906 2736 1089 2786 matronarum,
1097 2727 1188 2796 quibus
1198 2729 1279 2798 inpri-

237 2808 267 2860 ed
277 2823 357 2860 nerem
366 2807 470 2876 pleniori
481 2807 570 2860 herum
580 2807 740 2876 capiendum,
776 2805 1279 2865 misohtimendemsibiservimtemhor-

235 2891 301 2961 quod
314 2890 406 2958 optime
419 2889 530 2958 depingit
547 2889 662 2942 Paridem
678 2890 738 2954 rix,
775 2887 849 2943 ribile
867 2907 920 2942 esse
932 2891 1039 2943 debehat
1054 2893 1135 2961 Tnojae
1148 2895 1277 2946 excidium.

237 2992 287 3042 pre
294 2973 741 3043 celemietefuge,spimnrem.—Non
775 3004 812 3013 -
827 2973 890 3026 Post
902 2988 984 3026 certes
1000 2973 1104 3036 hiemes,
1121 2987 1174 3046 posi
1187 2985 1279 3028 certum

238 3055 293 3118 hoc,
300 3057 419 3110 non-hano
425 3056 502 3108 enimi
510 3056 638 3108 mollitiem
645 3065 670 3106 et
677 3057 741 3121 igna-
776 3075 910 3126 ennomus,
928 3075 943 3110 e
959 3061 1009 3113 fato
1020 3061 1219 3129 constitutomm‚
1232 3079 1280 3112 nu-

238 3144 311 3208 riem,
320 3142 362 3193 sed
371 3157 434 3194 erm.
442 3139 585 3210 querimm
599 3139 685 3192 ionem
695 3140 742 3190 de-
777 3139 1040 3220 merum-Achaiae
1050 3145 1128 3215 ignis.
1140 3143 1280 3204 Achaicus,

238 3236 285 3296 oei,
296 3227 421 3280 virtutem.
431 3223 530 3278 Scilicet
539 3223 565 3275 in
578 3223 652 3276 Hom.
666 3223 739 3274 Iliad.
777 3223 820 3275 elii
830 3243 840 3304 p
849 3225 893 3278 sed
905 3241 992 3294 perum
1002 3243 1068 3280 curo.

275 3503 407 3559 dimisis.
424 3505 537 3572 Nereus,
555 3505 616 3556 deus
633 3506 758 3572 marinus,
776 3505 891 3558 Paridem
910 3507 937 3558 in
955 3505 1018 3558 meri
1034 3522 1089 3556 crim
1105 3513 1174 3571 rupte
1188 3502 1286 3558 Helene

238 3609 335 3645 cursum
346 3591 371 3643 in
382 3591 485 3660 petriam
497 3588 671 3642 accelerantem
680 3591 841 3659 conspicatus,
853 3607 990 3659 compresso
1002 3589 1084 3640 stetim
1094 3589 1125 3638 ad
1133 3587 1283 3640 audientiam

236 3680 285 3733 sibi
296 3679 429 3732 iaciendum
442 3688 569 3731 rentomm
587 3695 729 3743 murmure,
743 3679 827 3746 triste,
843 3697 893 3748 qno
907 3679 992 3743 ingens
1008 3675 1150 3732 Grnmmm
1161 3677 1285 3730 exercitus

238 3777 313 3836 repre
326 3765 426 3817 Helene
439 3765 575 3832 repetenda
590 3781 662 3818 cause
674 3765 775 3833 ijern
787 3775 969 3832 oppugnaturus
979 3772 1053 3830 arque
1064 3779 1194 3814 eversurus
1205 3774 1284 3831 esset,

236 3851 328 3904 hedum
340 3850 457 3903 cecinisse
467 3851 576 3917 fingitm.
586 3851 729 3903 -Poetem
740 3865 842 3916 perum
852 3850 879 3900 in
891 3849 1057 3914 hocmrmine
1069 3848 1218 3916 enprmsisse
1229 3849 1284 3902 Ho-

237 3940 419 4008 retium‚quum
431 3957 462 3992 ex
470 3939 524 4008 ipso
534 3939 587 4007 ejus
599 3949 750 4010 ergumento,
762 3939 903 4007 frequenter
912 3955 926 3990 a
936 3936 1015 4007 poetis
1023 3938 1107 4004 grecis
1117 3946 1226 4005 incisio,
1233 3947 1285 3990 tun

236 4041 267 4077 ex
276 4026 454 4096 Porphyrionis
464 4027 584 4080 crincitm
596 4028 751 4096 testimonio,
764 4027 808 4096 qui
820 4045 826 4077 s
843 4027 921 4081 nnec
930 4028 992 4095 ode,
1005 4028 1102 4098 inquit,
1116 4026 1284 4096 Beochyiidem
