3010 4556
227 358 297 432 330
506 323 992 444 Q.}101ttttlrnsccl

321 498 433 587 Quum
451 495 513 565 tibi
529 493 637 565 Nonae
652 491 796 564 redeunt
811 498 1033 566 Decembres:
1235 517 1269 553 1⁰

322 619 437 685 Festus
453 615 488 683 iu
509 613 613 708 pratis
631 627 727 682 vacat
745 615 853 682 otioso
1102 605 1104 614 ’

559 733 645 801 Cum
663 731 749 800 bove
767 755 894 826 pagus:

321 855 415 922 Inter
432 847 572 920 audaces
591 847 688 944 lupus
708 863 798 920 errat
817 871 942 943 agnos:

320 969 455 1064 Spargit
471 982 617 1062 agrestes
635 967 696 1037 tibi
715 965 799 1036 silva
814 963 972 1044 frondes:

322 1084 457 1159 Gaudet
471 1088 611 1156 invisam
627 1084 793 1180 pepulisse
810 1086 918 1156 fossor

562 1207 631 1274 Ter
649 1204 734 1300 pede
751 1220 892 1275 terram.

227 1440 278 1477 rem
290 1423 358 1474 turin
367 1422 503 1476 celebrans.
514 1451 548 1462 -
557 1434 648 1481 vam,
662 1421 730 1478 solu-
767 1419 828 1477 anni
838 1429 946 1486 tenpore
955 1423 1046 1484 sponte
1055 1413 1158 1468 faunu
1167 1413 1235 1477 silva,
1247 1415 1272 1466 id
1325 1411 1328 1417 '

227 1519 265 1560 tus
275 1517 312 1560 est
323 1523 439 1576 operum,
450 1517 479 1558 ut
493 1508 540 1560 sub
554 1507 603 1560 line
615 1505 731 1559 carminis
767 1503 875 1554 suaviter
884 1501 911 1554 in
919 1499 1001 1552 Fauni
1009 1500 1127 1551 bonorem
1135 1498 1191 1550 data
1199 1514 1273 1566 opera

225 1589 499 1643 antecedentisdicimr.
512 1587 729 1642 -Interaudac
766 1585 853 1638 iecisse
874 1585 982 1652 fingitur.
1002 1583 1076 1636 Folia
1095 1583 1163 1636 enim
1180 1584 1205 1634 in
1222 1583 1274 1634 vias

227 1675 306 1745 lispus
317 1685 385 1726 cnut
395 1692 485 1744 agnou
499 1675 559 1726 bine
568 1690 635 1743 supr.
649 1675 673 1740 1,
687 1685 730 1736 tt,
765 1662 1130 1742 paqudimoswitobslla)
1139 1665 1274 1736 usquin·

229 1768 260 1819 t,
274 1775 288 1804 s
300 1756 440 1809 bedulens
459 1757 505 1812 sub
522 1757 603 1812 Fauni
619 1755 732 1828 presidio
766 1755 798 1810 ad
811 1753 907 1810 externi
923 1752 1043 1814 benonis,
1059 1749 1109 1802 diis
1124 1750 1272 1818 praestandi,

229 1859 243 1888 e
253 1840 382 1894 Martiales
390 1841 461 1911 lupos
472 1841 537 1894 band
548 1850 658 1894 metuere
666 1861 680 1890 s
689 1841 731 1892 di·
766 1835 967 1903 significationem
975 1832 1129 1902 pertinebat3
1139 1831 1187 1884 sid.
1197 1829 1271 1884 Geni.

226 1935 331 1992 cuntur;
341 1926 414 1978 ducta
426 1928 464 1978 rei
475 1926 553 1994 imago
566 1935 604 1978 est
615 1926 732 1978 abantea
766 1919 879 1985 advirg.
896 1917 979 1983 Ecloss.
990 1915 1029 1980 V,
1040 1926 1084 1968 sn,
1094 1943 1132 1956 -·
1146 1927 1271 1984 agrestes,

227 2020 457 2080 etataqmgregcs,
465 2011 532 2063 omni
543 2010 636 2062 asevis
645 2009 733 2063 bestiis
766 2001 852 2073 quales
865 2018 953 2070 nempe
969 2002 997 2054 in
1008 2001 1087 2066 agris,
1102 2016 1164 2067 quos
1176 1999 1274 2052 Faunus

228 2106 295 2148 metu
305 2095 390 2162 moui,
402 2095 482 2146 libere
498 2105 523 2148 et
533 2094 732 2147 secureeircum-
768 2089 871 2150 trausit,
882 2087 982 2138 arbores
998 2093 1094 2152 gerunt.
1105 2111 1140 2124 -
1153 2080 1275 2154 Terpedae

226 2174 730 2245 οπυκίὶηςιιηῐυηοὶὶηΐῃνῄθ,υἱ.
767 2183 859 2224 tenum
874 2169 965 2240 popul.
987 2169 1054 2222 scier
1075 2167 1106 2219 ad
1126 2167 1233 2236 tripudia
1250 2177 1276 2219 et

226 2260 302 2313 Plura
314 2261 339 2312 in
355 2263 418 2314 banc
429 2279 480 2312 rem
493 2258 590 2312 collecta
602 2257 653 2312 loca
663 2257 733 2310 dabit
766 2255 908 2308 saltationes
918 2255 946 2306 in
958 2254 1031 2322 agris.
1043 2281 1079 2292 -
1088 2253 1209 2314 ιἰινίιωιι,
1220 2269 1275 2304 mm

230 2339 312 2394 Geraia
323 2343 353 2393 ad
364 2340 455 2408 Virgil.
469 2341 551 2406 Eclcg.
569 2339 621 2404 IV,
638 2351 681 2392 ss.
696 2367 733 2378 -
766 2337 861 2390 delectu
870 2337 900 2388 ad
912 2337 1036 2402 ingenium
1046 2335 1202 2399 fossoris,cui
1212 2346 1275 2386 terra

228 2423 333 2496 Spargi
348 2425 396 2476 tibi
409 2426 474 2475 ss'lva
482 2421 609 2490 sicaries,
626 2423 687 2474 silva
706 2423 732 2474 in
766 2421 799 2473 ob
816 2435 919 2486 graves,
935 2435 995 2488 quos
1014 2420 1037 2472 ei
1056 2420 1122 2472 inter
1134 2419 1275 2472 fodiendum

228 2507 343 2558 adrentus
362 2505 398 2557 tui
416 2507 534 2557 bonorem
554 2505 646 2572 spargit
662 2503 729 2556 folia.
768 2503 843 2572 parit,
853 2503 948 2555 labores
957 2519 1021 2572 sape
1029 2503 1110 2556 ιἠνὺα
1120 2505 1161 2570 tt;
1169 2503 1275 2572 jucunda

228 2587 354 2656 Qucdsub
361 2587 434 2640 initio
442 2586 533 2639 mensis
540 2585 681 2638 Decembris
690 2602 734 2654 pro
768 2587 900 2656 voluptatis
914 2599 969 2656 post
981 2587 1078 2642 labores
1090 2589 1221 2658 oppositio.

265 2883 397 2938 Ananmrs.
417 2884 490 2937 Hunc
508 2886 625 2955 hymnum
642 2887 668 2939 in
685 2889 797 2942 Faunum
816 2890 870 2958 ipso
883 2889 1031 2942 Fannelium
1043 2889 1086 2943 dle
1101 2891 1166 2943 inter
1181 2891 1277 2944 sacriti-
1293 2943 1295 2949 k

229 2973 332 3027 candum
343 2983 414 3041 poeta
426 2972 542 3025 cecinisse
552 2975 674 3040 putandus
683 2986 737 3042 est3
751 2978 777 3027 in
786 2976 857 3043 cujus
868 2975 1055 3046 primoquidem
1065 2987 1134 3046 parte
1143 2977 1184 3045 pie
1193 2995 1275 3046 preca-

231 3072 271 3114 tur
281 3061 403 3128 Faunum,
416 3070 444 3112 ut
455 3077 538 3130 perro¹
551 3061 572 3111 si
585 3078 651 3113 sacra
662 3063 715 3130 ejus
726 3063 774 3116 rite
786 3065 909 3128 instituat,
922 3065 1031 3133 placidus
1045 3065 1109 3131 agris
1120 3065 1171 3116 auis
1182 3065 1277 3126 adase,

230 3157 256 3198 ct
267 3157 351 3198 tenero
362 3145 461 3214 pecudis
473 3145 542 3197 loetui
551 3146 632 3206 'tutela
642 3164 685 3198 sna
699 3165 801 3216 preesse
812 3147 888 3215 velit3
900 3150 927 3200 is
940 3147 1017 3200 altera
1028 3167 1086 3202 vcro
1097 3166 1225 3214 summam,
1236 3149 1276 3200 cni

230 3232 342 3285 homines
351 3233 504 3302 pecudesque
514 3231 594 3284 Nonis
604 3231 780 3286 Decembribus
794 3236 820 3286 iu
837 3243 887 3287 toto
899 3251 960 3303 pago
969 3245 1069 3298 vacent,
1084 3235 1201 3288 describit
1212 3235 1278 3286 laeti-

231 3319 337 3372 tiam.-
342 3317 458 3372 Ceterum
470 3319 510 3371 bis
519 3335 586 3370 sacra
595 3321 726 3388 quotannis
738 3321 835 3386 Fauno,
845 3329 874 3372 ut
883 3321 939 3383 deo,
953 3321 977 3372 in
992 3321 1062 3388 arjos
1071 3321 1190 3390 peculiari
1201 3321 1277 3374 tutela

231 3415 296 3460 esset
305 3423 387 3474 perus,
399 3405 522 3459 Romanos
532 3405 628 3470 iecisse,
641 3407 747 3474 primurn
756 3407 856 3476 quidem
865 3406 952 3458 idibus
960 3407 1102 3460 Februariis
1113 3405 1196 3476 (Orid.
1207 3407 1275 3460 Fast.

232 3495 268 3559 11,
281 3507 342 3558 tas,
353 3515 367 3543 s
379 3495 467 3547 Idibus
478 3495 582 3562 agrestis
594 3495 690 3547 fumant
702 3496 789 3548 altaria
798 3495 877 3547 Fauni
890 3493 1279 3566 n)‚deindeNonisDeoemb1-i-

232 3583 293 3647 bus,
304 3591 332 3633 ut
342 3599 372 3633 es
385 3583 430 3634 bac
439 3583 580 3634 comninos.
595 3591 637 3650 to,
647 3583 778 3644 discimus,
792 3582 857 3650 apud
869 3599 910 3633 eos
917 3618 925 3648 ,
935 3583 978 3650 qui
989 3581 1020 3633 dc
1033 3582 1101 3633 iestis
1112 3581 1277 3634 Romanorum

231 3681 406 3744 expossuerunt,
416 3687 557 3738 cognoscere
568 3670 671 3724 licet-
679 3671 715 3723 Dc
726 3672 812 3726 Fauno
821 3670 933 3738 gregibus
945 3670 1135 3723 incolumitatem
1148 3679 1279 3740 praestante

231 3756 265 3808 ci.
281 3775 349 3826 supr.
364 3756 386 3822 1,
400 3767 441 3809 tt.
1080 3767 1084 3777 ·
