2952 4558
449 319 541 385 LIB.
567 319 621 404 ll,
647 319 795 387 CARM.
822 320 944 390 XVII.
1150 323 1217 396 233

328 457 386 525 iiie
406 453 543 525 truncus
560 453 696 550 illapsus
714 457 852 528 cerebro

377 559 576 663 Sustulerat,
593 575 657 644 nisi
675 579 806 649 Faunus
823 578 925 647 ictum

278 695 407 765 Dextra
423 690 580 782 levasset,
599 693 851 764 Mercurialium

277 813 395 882 Custos
411 812 571 882 virorum.
591 812 746 884 Reddere
760 815 912 884 victimas

324 927 505 1025 AEdemqu'e
521 932 669 1002 votivam
687 946 873 1002 memento:

334 1053 338 1074 “
372 1049 443 1119 Nos
459 1049 619 1135 humilem
638 1051 794 1120 feriemus
813 1073 945 1146 agnam.

179 1268 244 1334 gravi
255 1268 340 1321 morbo
351 1279 481 1338 recreante,
491 1271 682 1341 quamprimum
717 1283 759 1324 tur
775 1270 802 1324 in
820 1284 900 1339 pugna
916 1267 1085 1337 Philippensi,
1103 1265 1152 1318 Od.
1164 1265 1218 1318 vlt

180 1352 207 1403 iu
225 1353 347 1406 theatmm
362 1356 506 1422 prodiisset,
525 1372 540 1406 a
556 1356 682 1425 frequente
717 1355 790 1423 hujus
801 1355 869 1406 libri.

179 1435 267 1503 populo
278 1446 390 1506 exceptus
398 1447 451 1499 est,
465 1438 682 1508 meminitqunque
710 1454 714 1461 ·
753 1451 796 1493 eo.
811 1437 933 1497 Reddere,
944 1437 1070 1508 proprium
1079 1436 1180 1488 verbum
1186 1435 1218 1488 de

179 1534 247 1587 supr.
258 1520 282 1580 1,
295 1531 339 1586 20,
350 1533 375 1573 ³.
715 1521 838 1576 sacrifieiis
856 1538 883 1574 ae
901 1521 1044 1572 muneribus
1059 1527 1218 1589 quaerente

222 1615 265 1656 27.
290 1604 429 1664 Tmarus,
449 1623 482 1657 sc.
506 1605 617 1670 arboris;
644 1607 677 1659 ci.
714 1605 764 1656 diis
781 1605 957 1672 persolvuntur.
980 1605 1093 1674 Propert.
1108 1602 1152 1665 11,
1171 1612 1216 1664 st,
1259 1631 1260 1634 =

178 1703 245 1756 supr.
257 1687 295 1752 11,
309 1699 358 1754 ¹³3
375 1688 516 1745 susmlemt
526 1705 585 1755 pro:
597 1697 680 1740 sustu·
717 1696 765 1738 tte:
780 1687 845 1739 «Tu
855 1687 971 1756 quoniam
982 1705 1018 1753 es,
1030 1704 1084 1740 mea
1096 1686 1148 1749 lux,
1163 1701 1217 1737 ma·

177 1769 262 1836 lisset;
283 1771 318 1823 sie
337 1773 427 1840 passim
446 1771 591 1822 indicativus
611 1771 679 1839 plus·
714 1785 762 1835 μυ
777 1769 882 1822 desnissa
899 1769 1007 1838 periclo,
1018 1769 1123 1821 Munera
1133 1767 1217 1820 Diuum

176 1869 249 1922 vam
256 1853 357 1922 perlecti
365 1873 409 1924 pre
415 1854 679 1922 eonjunetivoiulatina
714 1853 797 1922 debita
808 1851 882 1903 redde
893 1852 988 1903 choros.
1002 1871 1058 1899 n-
1068 1853 1121 1902 Nos
1132 1849 1217 1902 humi-

177 1933 260 2001 liugua
277 1937 335 2004 poni
353 1937 423 1990 solet.
436 1966 469 1975 -
480 1937 602 1996 Faunus,
621 1938 679 1989 villa
715 1935 763 1986 lem
767 1935 898 2004 feriemus
906 1952 1017 2006 agnum,
1031 1953 1074 1987 noe
1088 1951 1148 2000 agna
1157 1950 1217 1986 eaess

177 2017 245 2070 enim
254 2019 352 2087 Sabina,
367 2021 409 2071 ubi
420 2019 536 2072 Horatius
546 2018 679 2071 exstinctus
714 2037 808 2071 sacrum
813 2019 928 2072 iaciemus
934 2020 1018 2071 Fauna
1025 2019 1126 2079 humile,
1134 2027 1216 2080 tenue,

176 2119 246 2170 perne
266 2103 344 2154 luerat
362 2103 457 2155 arboris
472 2119 528 2156 casu
549 2101 596 2170 (ci.
610 2118 678 2169 supr.
715 2119 758 2169 pro
773 2119 799 2152 re
811 2103 879 2152 tenui
891 2112 973 2154 nostra
981 2121 989 2165 ;
1004 2111 1030 2152 tu
1041 2117 1098 2152 vere
1108 2099 1218 2168 splendi-

176 2185 213 2249 ΙΙ,
227 2198 269 2249 tn,
282 2185 334 2254 to),
347 2189 373 2238 in
385 2187 501 2256 peculiari
512 2186 592 2237 Fauni
605 2185 679 2237 tutela
713 2185 841 2237 dissimum
853 2184 927 2236 debes
938 2226 946 2249 ,
959 2202 1033 2254 quum
1052 2195 1078 2236 et
1092 2185 1169 2235 ditior
1183 2181 1217 2234 sis

177 2272 242 2336 tuit,
256 2271 307 2323 vid.
327 2289 396 2340 supr.
410 2273 440 2334 l,
460 2283 501 2323 tt.
514 2300 549 2310 --
563 2271 677 2322 virorum
713 2281 739 2322 et
753 2269 818 2321 salue
833 2279 874 2321 tua
885 2271 984 2337 majoris
996 2269 1079 2338 pretii.
1088 2265 1216 2318 -lumis

174 2355 391 2415 Mamur-rivirum,
410 2365 552 2424 poetarum
574 2355 677 2406 Mercu·
712 2353 761 2404 lem
768 2389 777 2414 ‚
792 2355 898 2407 suaviter
908 2373 978 2425 agna
993 2354 1024 2406 ab
1038 2352 1176 2405 humilitate
1191 2362 1217 2402 et

176 2439 227 2490 rius
235 2440 302 2492 euim
311 2457 398 2492 eurvoe
405 2440 569 2510 lymparem
577 2457 644 2508 supr.
654 2439 677 2504 1,
713 2440 832 2490 tenuitate
847 2439 916 2505 ejus,
928 2439 971 2507 qui
988 2455 1041 2491 earn
1053 2437 1143 2498 oiiert,
1163 2437 1215 2503 ipsa

178 2532 220 2584 to,
232 2535 265 2586 e;
279 2524 311 2574 ab
320 2522 404 2575 endem
413 2539 439 2574 se
448 2533 568 2574 serratum
579 2522 678 2590 protite-
713 2521 816 2573 tumltu
826 2522 926 2576 dieitm.

211 2828 341 2882 Arnim.
359 2833 456 2900 Qvuanto
466 2849 548 2885 amore
558 2833 716 2888 Maecenatem
728 2836 867 2902 enmplexus
881 2833 956 2884 luerit
967 2831 1099 2888 flentium
1111 2839 1159 2880 tam
1169 2843 1215 2878 ex-

174 2935 272 2986 pressus
287 2919 313 2970 in
326 2919 371 2973 lsoe
384 2921 492 2974 carmine
502 2923 534 2973 ob
545 2922 643 2974 iteratas
652 2923 704 2990 ejus
715 2924 746 2975 de
757 2924 864 2975 instante
872 2915 920 2974 sibi
931 2929 1008 2973 morte
1016 2917 1127 2989 querelas
1136 2915 1213 2977 dolor,

172 3021 244 3072 quam
256 3005 335 3072 ratio,
345 3023 395 3075 qun
404 3023 478 3059 vanas
489 3008 548 3058 istas
558 3007 669 3075 querelas
678 3025 828 3077 sompeseere
838 3009 933 3072 studet,
946 3006 1084 3059 lumlenter
1097 3000 1212 3054 ostendit,

173 3087 258 3158 ltaque
274 3091 431 3144 Maecenatem
441 3091 472 3144 de
482 3093 554 3158 vita,
570 3093 677 3145 nondum
689 3094 820 3146 seeundum
834 3095 933 3147 deorum
947 3092 1095 3144 voluntatem
1110 3095 1214 3149 euecta,

174 3175 220 3225 fine
227 3193 257 3227 eo
265 3177 341 3242 magis
349 3177 462 3230 desinere
474 3179 570 3230 taudem
576 3179 646 3248 queri
651 3180 731 3246 jubet,
737 3197 813 3253 quum
823 3179 865 3231 ille
872 3179 969 3248 utrique
974 3173 1108 3228 eommunis
1118 3175 1214 3224 iuturus

173 3261 219 3322 sit;
230 3279 257 3314 se
268 3263 334 3314 enim
348 3274 402 3331 pust
412 3265 465 3330 ejus
477 3275 579 3318 mortem
587 3265 681 3318 diutius
694 3267 721 3318 iu
731 3267 834 3318 haesita
844 3266 933 3318 morari
944 3262 1018 3323 nolle,
1027 3261 1071 3312 sed
1078 3277 1123 3328 pre
1131 3273 1213 3312 saere-

173 3361 269 3417 mento,
282 3352 348 3420 qued
365 3352 403 3404 illi
417 3352 527 3420 dederit,
546 3356 708 3408 indissolubili
724 3357 796 3425 plsue
812 3353 933 3408 societatis
946 3349 1043 3403 vinculo
1056 3363 1104 3398 uun
1118 3361 1173 3397 eum
1185 3360 1214 3394 eo

173 3437 259 3487 mortis
274 3437 322 3489 iter
332 3439 496 3504 ingressurum
511 3455 579 3504 esses
596 3443 644 3494 hnc
662 3443 774 3496 secedere
790 3444 879 3494 mirum
891 3437 1018 3510 quemdam
1029 3433 1153 3490 siderum,
1168 3429 1214 3478 sub

171 3520 261 3588 quibus
275 3531 376 3593 uterque
393 3534 464 3575 natus
478 3526 525 3592 sit,
540 3543 697 3594 consensum,
711 3545 877 3597 murramque
891 3527 1009 3590 tortura,
1023 3535 1071 3590 qus
1080 3517 1131 3584 itm
1138 3511 1213 3564 semel

170 3616 273 3677 uterque
283 3611 367 3662 nmrtis
376 3610 483 3677 periculo
493 3623 590 3682 ereptus
601 3615 643 3680 sit,
654 3614 841 3667 similitudinem
851 3633 858 3678 3
870 3629 918 3665 non
931 3611 1006 3678 igitur
1015 3603 1212 3663 nunedemorte,

169 3693 211 3744 sed
221 3695 302 3763 putius
310 3697 342 3749 de
351 3697 428 3766 rotis,
438 3699 536 3769 utrique
547 3718 592 3769 pre
603 3701 660 3752 vitus
672 3712 770 3754 servatae
783 3701 901 3753 beneficio
910 3695 1052 3760 reddendis,
1062 3685 1213 3756 cogitandum

170 3797 231 3835 esse.
