2950 4548
231 398 298 470 150
504 399 548 486 Q.
574 399 781 466 ucnsrn
806 395 981 466 rniccr

322 539 428 606 Grata
442 535 586 606 detinuit
599 537 761 631 compede
775 533 918 631 Myrtale

322 655 510 744 Libertina,
524 654 618 726 fretis
632 657 742 726 acrior
754 655 888 725 Hadriae
937 681 942 692 “

467 775 644 844 curvantis
658 773 819 844 Calabros
833 776 933 846 sinus.

224 992 333 1050 rnndior.
347 991 436 1043 Venus
445 1009 490 1060 pro
502 1010 507 1041 ι
518 993 613 1060 puelle,
623 1001 724 1060 utsupr.
762 992 861 1046 dicitur.
871 1020 908 1032 ·-
919 993 1017 1052 ocnbr,
1039 993 1194 1055 irecsmdicr,
1213 991 1266 1044 ler-

225 1079 248 1143 1,
259 1090 304 1142 nr,
315 1088 355 1128 u.
365 1106 400 1116 —
408 1079 478 1128 Grae.
487 1075 566 1128 denis.
575 1094 654 1147 comp.
662 1077 689 1130 h.
702 1094 724 1128 e.
762 1075 968 1146 rectior—fret.
976 1074 1061 1128 Παιάν.
1075 1075 1152 1128 Curv.
1161 1073 1264 1127 Calabr.

227 1161 316 1214 emeris
329 1162 368 1212 sui
377 1160 505 1212 dulcedine
518 1159 559 1212 ite·
570 1175 609 1212 me
618 1169 727 1232 reperet,
763 1159 813 1210 uis.
827 1161 853 1211 b.
865 1177 887 1211 e.
905 1161 1019 1214 fluctibus
1038 1161 1113 1212 maris
1129 1159 1266 1212 Hadriatici

225 1253 726 1312 utssterssomnsspraessconsemnerem
764 1242 1266 1296 sdlittusGslsbrieinsinumsecurmn-

225 1327 726 1397 comprs,qunslissestdumetmcleste,
764 1327 814 1392 tis3
831 1327 897 1393 sire,
913 1327 979 1396 quod
996 1327 1027 1379 ad
1046 1327 1115 1379 littus
1132 1325 1265 1390 Celebris,

190 1461 193 1470 ,
225 1412 470 1482 sussioxymorojum
478 1413 727 1482 diciturgmts,quin
764 1420 792 1463 ut
810 1427 865 1462 mm
878 1399 1043 1477 Virgilc'AEn.
1055 1409 1086 1472 l,
1099 1419 1145 1461 ret
1165 1407 1263 1478 loquer:

227 1494 280 1561 ipss
295 1494 400 1546 servitus
413 1495 478 1563 apud
487 1495 612 1564 Myrtaleu
625 1495 727 1548 Horatio
763 1512 777 1540 α
789 1492 936 1559 Frangitur,
949 1493 1024 1563 inque
1034 1494 1103 1546 sinus
1116 1491 1204 1545 scindit
1215 1507 1267 1542 sese

228 1577 359 1644 luitgmts.
373 1579 443 1630 lnlm
452 1577 608 1649 qucquelV‚
619 1591 648 1630 st
659 1617 666 1641 ,
678 1589 726 1645 ns,
763 1578 828 1628 onds
837 1577 962 1642 reducem
974 1597 987 1626 s
998 1577 1116 1630 ubienim
1125 1577 1219 1638 hoclit,
1231 1573 1265 1626 ibi

226 1659 295 1714 dives
304 1661 415 1730 (neda
425 1671 452 1714 st
461 1661 549 1715 lesciva
561 1661 641 1730 puelle
652 1661 729 1714 Tele-
763 1677 897 1713 mnemnre
906 1661 984 1716 multo
994 1661 1162 1714 vehementius
1174 1661 1266 1725 lerset;

227 1741 731 1816 phumgrumcornpsdsvrirctutrsteners
763 1745 1024 1810 et.isb.111‚s‚ss.

261 2080 394 2134 husus.
413 2078 515 2133 Albium
525 2078 667 2142 Tibullum,
678 2076 784 2144 puriter
793 2076 826 2128 de
834 2075 933 2143 juniore
943 2085 1051 2128 umbre
1061 2073 1160 2143 prelsto
1173 2073 1222 2124 sibi
1236 2073 1269 2126 sb

227 2169 332 2239 Glycera
347 2168 484 2234 dolentem,
496 2181 649 2220 communem
661 2163 728 2216 illem
747 2164 885 2228 lortnnsm,
901 2179 950 2233 qus
967 2179 1053 2232 perum
1069 2177 1133 2230 sepe
1147 2162 1175 2213 in
1186 2175 1270 2212 umore

227 2253 466 2320 conspirentsnimi,
478 2267 557 2302 scum
571 2259 683 2318 repulere
692 2249 775 2316 jubet,
786 2250 859 2318 cique
870 2257 920 2300 tem
930 2248 1050 2314 eliorum,
1066 2248 1110 2318 qni
1122 2247 1230 2300 eamdem
1241 2247 1267 2298 in

218 2331 311 2391 'umore
320 2339 414 2406 experti
425 2335 516 2388 inerint
524 2345 621 2396 sortem,
630 2351 704 2404 quern
713 2337 752 2388 sui
762 2335 839 2404 ipsius
847 2333 985 2404 exemplum
994 2334 1075 2387 solatii
1084 2335 1135 2388 loco
1144 2333 1267 2405 proponit.

229 2452 264 2464 -·
273 2425 395 2492 Scriptum
409 2425 455 2475 hoc
469 2438 567 2474 osrmsn
580 2439 633 2472 esse
644 2421 675 2473 sd
685 2421 866 2473 nobilissimum
879 2433 974 2491 poetam
986 2421 1114 2474 Tibullum
1127 2439 1159 2474 ne
1168 2421 1267 2475 dubito:

229 2527 286 2564 num
297 2511 333 2574 is,
346 2511 368 2562 si
377 2509 434 2577 quis
444 2509 520 2573 nlius,
533 2507 671 2560 demutavit
684 2507 763 2573 elegos
778 2509 945 2570 mbembrlss,
960 2509 988 2560 b.
1006 2525 1029 2562 e.
1043 2508 1181 2562 mollissimi
1193 2509 1269 2562 enimi

228 2609 313 2646 seusus
324 2593 419 2660 egregie
433 2592 612 2660 exprimentes,
629 2600 655 2642 et
671 2591 782 2660 querelas
797 2594 888 2661 passim
904 2595 936 2645 de
951 2595 1053 2664 perfidis
1072 2593 1109 2648 rel
1127 2593 1217 2659 Delio,
1233 2593 1270 2646 sel

229 2681 355 2747 Nemesis,
366 2682 404 2732 rel
418 2681 526 2746 Nem,
539 2681 578 2732 rel
591 2681 695 2733 ruotoes
707 2684 819 2750 (quarum
832 2699 904 2735 unam
917 2685 963 2734 sub
978 2685 1032 2738 licto
1042 2685 1141 2738 nomine
1153 2685 1270 2752 Glycerm

230 2769 307 2821 lutere
323 2770 412 2836 magis,
428 2778 457 2819 ut
471 2769 581 2833 credam,
601 2768 715 2834 adducor,
725 2785 799 2838 quarn
811 2781 838 2820 ut
851 2769 981 2839 Glyceram
993 2773 1019 2822 in
1029 2771 1163 2840 deperditis
1175 2769 1269 2823 Tibulli

230 2855 380 2908 terminibus
395 2849 497 2907 lor-tasse
514 2855 660 2906 celebratum
676 2869 728 2906 esse
743 2855 911 2922 existimem),
923 2857 1084 2909 continentes.
1096 2855 1268 2910 -Tibullum

230 2954 311 2996 nutem
320 2945 414 3013 puriter
422 2961 450 2996 sc
458 2943 592 3010 Virgilium
603 2944 704 3009 dignum
715 2961 729 2995 s
739 2943 842 3010 Nostro,
861 2961 933 3014 quem
944 2945 1060 3014 singulari
1070 2963 1152 2998 amore
1162 2944 1269 3014 comple-
1370 2947 1380 2957 “

229 3041 343 3098 uteretur,
359 3033 471 3085 habitum
487 3031 578 3097 luisse,
589 3031 645 3100 quis
655 3031 704 3083 sibi
722 3049 770 3084 non
782 3033 925 3102 persuadeat
934 3031 946 3085 i
956 3033 995 3084 nd
1007 3034 1119 3087 eumdem
1134 3035 1223 3103 scripte
1234 3043 1271 3086 est

172 3111 177 3120 ’
230 3119 290 3172 infr.
304 3119 383 3187 Epist.
399 3129 430 3184 4,
449 3117 494 3170 lib.
508 3118 582 3186 prim.
591 3115 694 3169 ——Vide
706 3129 769 3169 nost.
785 3117 926 3169 Editionem
938 3112 1051 3184 Tibulli,
1065 3135 1120 3186 pag.
1135 3135 1231 3172 cxxxix
1247 3129 1271 3171 et

230 3221 297 3275 seqq.
309 3217 334 3256 et
343 3205 478 3274 presertim
489 3221 542 3274 pag.
557 3215 608 3257 ⁴³9
625 3213 650 3256 et
667 3217 734 3276 seqq.
747 3213 812 3272 tot,
827 3214 893 3269 ⁴⁷0,
907 3201 949 3254 ubi
966 3203 1005 3254 sir
1016 3203 1114 3269 ingenio
1125 3215 1150 3256 et
1160 3205 1271 3256 doctrina

229 3293 377 3346 clarissimus
395 3292 462 3344 Phil.
481 3290 564 3344 Amet.
584 3291 616 3342 de
633 3289 741 3360 Gclbdry
758 3292 789 3342 de
805 3289 865 3340 viu
880 3299 906 3340 et
922 3285 1081 3340 Carminibus
1097 3289 1193 3340 Tibulli
1210 3305 1270 3340 nora

231 3381 306 3434 multe
317 3389 390 3450 cupre
401 3379 534 3433 rectissime
545 3375 651 3448 scripsit.
671 3377 718 3428 En.
