2990 4556
518 387 609 454 tra.
635 387 710 474 111,
736 385 886 496 usam.
912 391 938 456 1.
1179 391 1248 484 249
1318 347 1320 354 ,

356 525 495 597 Duleern
513 523 733 596 elaborabunt
747 551 920 621 saporem,

412 647 488 716 Non
504 645 614 716 avium
631 647 831 739 citharaeque
846 660 961 716 cautus
1211 665 1250 703 ²0

308 765 468 834 Somnum
485 761 656 834 reducent.
672 763 814 832 Somnus
830 761 1012 857 agrestium

307 883 408 951 leuis
424 881 573 951 virorum
590 905 658 950 non
674 877 817 950 humiles
833 877 952 948 domos

355 996 512 1088 Fastidit,
530 997 768 1070 umbrosamne
786 997 915 1092 ripam,

405 1116 485 1186 Non
500 1115 661 1211 Zephyris
678 1117 803 1212 agitata
818 1118 954 1211 Tempe.
1121 1201 1124 1208 Ι

309 1234 582 1324 Desiderantem,
598 1233 689 1330 quod
705 1237 784 1306 setis
801 1250 868 1324 est,
885 1257 991 1329 neque
1113 1249 1120 1256 “
1213 1231 1251 1290 25

309 1351 562 1425 Tumultuosum
581 1351 737 1423 sollicitat
755 1376 864 1440 mare,

271 1481 274 1487 '
360 1467 432 1538 Nec
450 1493 552 1538 saevus
568 1469 704 1540 Arcturi
719 1467 868 1538 cadentis

405 1588 572 1680 impetire,
590 1601 647 1658 aut
663 1585 801 1655 orientis
818 1585 934 1656 Haedi:

311 1699 389 1772 Non
405 1702 586 1772 verberasse
603 1700 765 1798 grandine
781 1702 901 1790 vinear,

216 1915 324 1972 inritare
331 1919 441 1974 solebant
451 1925 548 1994 tyranni
559 1923 634 1978 Siculi
643 1945 650 1991 3
659 1925 718 1978 hine
752 1921 843 1988 (icore.
855 1921 890 1987 11,
904 1931 954 1975 tto
967 1940 973 1973 :
988 1941 1002 1970 s
1011 1920 1147 1992 Mollesque
1158 1922 1205 1974 sob
1213 1939 1256 1974 nr-

215 2001 295 2070 epule
315 2005 455 2059 lentissima
479 2009 627 2076 proverbiali
648 2009 717 2062 locu-
753 2005 813 2058 bore
824 2003 903 2056 somni
915 2003 1253 2074 Nonabsuntrr-Tsmps,

217 2083 284 2138 tione
293 2086 363 2140 dietae
374 2091 542 2153 suntSiculoe,
552 2111 595 2144 seo
604 2091 717 2160 Symru·
753 2106 799 2158 pm
811 2086 897 2158 quasis
912 2088 974 2140 mlle
990 2105 1092 2140 amena
1111 2089 1142 2140 ln
1159 2097 1257 2139 senten-

214 2185 305 2235 sonoe5
321 2173 366 2226 hoe
376 2175 511 2242 epithetum
529 2179 603 2230 etism
619 2177 717 2246 simpli·
754 2173 814 2224 tiam
830 2171 870 2224 Cl.
880 2170 1023 2224 Msisclserl.
1036 2181 1157 2240 rumperet
1167 2171 1253 2224 Seuer.

214 2251 276 2306 citer
285 2253 342 2308 ideo
351 2258 458 2325 positum
469 2260 547 2312 rideri
561 2261 718 2329 poteritque
752 2255 826 2310 Herc.
845 2254 906 2308 OEt.
924 2267 974 2309 ott
984 2267 1054 2322 -47,
1072 2255 1151 2325 Epist.
1167 2265 1217 2320 to,
1231 2264 1257 2307 et

214 2335 390 2392 mommsen
400 2339 574 2410 Symmsanum
584 2343 714 2396 alludatur.
753 2339 873 2393 Mennnd.
888 2341 951 2409 apud
966 2341 1034 2393 srob.
1051 2340 1168 2407 Florileg.
1180 2339 1252 2392 Grnt.

215 2446 251 2458 -
263 2421 343 2476 Dulc.
360 2423 489 2478 cladomb.
507 2445 591 2497 sopor.
613 2428 646 2480 its
665 2429 718 2496 ejas
753 2443 779 2492 p.
795 2436 856 2480 ³9¹.

214 2503 322 2570 palatum
337 2507 434 2560 allicere
448 2509 576 2578 valebunt,
591 2520 619 2562 ut
634 2527 717 2564 esrum
789 2520 833 2563 ts.
852 2508 902 2576 Qui
917 2527 966 2563 non
980 2508 1064 2578 plura,
1078 2525 1151 2578 wrm
1166 2507 1256 2577 quibus

216 2587 358 2642 suavitatem
368 2591 464 2658 sapiat5
474 2609 546 2660 quom
557 2591 641 2661 pulcre
649 2604 674 2646 et
684 2595 719 2646 si·
753 2594 868 2648 advitam
880 2595 1064 2648 sustentandam
1076 2609 1137 2662 opus
1146 2601 1200 2656 est,
1210 2591 1255 2644 de-

217 2667 357 2733 gnibtanter
374 2672 544 2726 elaborabunt
557 2693 602 2743 pro
617 2693 624 2726 ε
643 2692 718 2745 para-
754 2679 854 2744 siderei,
866 2679 886 2731 is
897 2679 1012 2731 omnibus
1023 2679 1073 2730 illis
1082 2678 1157 2744 curis,
1166 2678 1256 2747 quibos

217 2751 294 2818 bunt,
308 2755 461 2820 excitabunt,
480 2758 585 2826 positum
596 2759 642 2824 eit,
660 2775 719 2810 suus
754 2760 855 2826 divites,
872 2761 977 2829 exempli
989 2761 1065 2826 gratis
1082 2769 1209 2825 mereator,
1225 2760 1258 2814 ob

216 2851 340 2906 quemque
348 2855 431 2894 sensns
441 2842 547 2894 docebit.
556 2869 591 2881 -
598 2840 718 2894 Somnum
755 2851 926 2911 tempestatum
937 2844 964 2895 in
975 2844 1037 2896 mari
1049 2843 1168 2912 pericula,
1179 2853 1204 2896 et
1215 2861 1258 2896 ar-

216 2915 348 2980 nducent,
359 2921 455 2976 efficere
468 2932 599 2992 poterunt,
610 2933 637 2974 ot
649 2923 720 2977 Som-
754 2923 880 2976 bustonrm
891 2925 1017 2992 dominus,
1027 2926 1060 2979 ob
1075 2926 1185 2995 iniquom
1194 2925 1259 2978 seris

216 3020 262 3055 nus
274 3005 300 3056 in
310 3005 393 3058 domos
410 3009 590 3076 potentiomm,
602 3009 667 3060 unde
676 3025 718 3061 re-
754 3011 915 3076 temperiem,
928 3009 1099 3077 sollicitantur,
1109 3011 1175 3062 liber
1185 3019 1259 3080 atque

214 3089 328 3156 cosaerit,
341 3091 437 3158 meat,
448 3092 487 3144 sel
504 3093 531 3144 in
543 3109 585 3144 eas
598 3109 624 3144 se
636 3093 717 3145 reduci
753 3105 841 3142 mouns
849 3101 896 3144 est.
907 3093 1001 3143 —Neo
1011 3110 1071 3144 scer.
1082 3093 1194 3146 Arcturi
1198 3089 1257 3145 cad.

215 3172 331 3239 patietur.
340 3173 502 3242 cogitandum
513 3176 580 3228 enim
590 3187 627 3228 est
635 3177 719 3230 dedeo
753 3171 874 3243 Impense,
888 3187 942 3234 aut,
954 3185 1000 3228 ete.
1013 3193 1058 3228 nec
1066 3175 1182 3244 impetus,
1191 3177 1217 3229 h.
1234 3194 1257 3229 e.

216 3253 314 3310 Somno,
753 3255 790 3306 ris
808 3256 976 3309 vehementior
997 3274 1065 3309 wear
1089 3260 1257 3327 tempestatis,

251 3347 294 3389 st.
314 3338 415 3406 Quanto
435 3341 557 3394 beatiores
574 3351 660 3394 eontra
680 3351 718 3392 te-
752 3355 924 3408 qureoooasum
932 3337 1040 3402 Arcturi,
1048 3350 1090 3392 aut
1098 3343 1259 3395 ortumllaedi

165 3471 168 3478 ,
216 3421 310 3473 nuioris
319 3423 393 3475 sortis
406 3423 533 3489 homines,
544 3425 587 3492 qui
600 3423 662 3474 nihil
675 3441 719 3474 nec
755 3421 814 3490 (pro
824 3441 830 3474 ι
841 3421 988 3492 llaedomm)
999 3423 1068 3492 sequi
1082 3423 1152 3475 solet.
1163 3425 1260 3476 Arcus-

217 3505 506 3574 metountneccupiunt!
515 3505 718 3572 Quantamanimi
753 3522 809 3566 mss,
821 3506 890 3560 stella
910 3509 935 3559 in
947 3507 1022 3558 cauda
1038 3507 1134 3570 Bootae,
1152 3523 1206 3575 que
1220 3523 1259 3560 se-

218 3585 417 3653 tranquillitatem
431 3605 474 3641 sua
491 3590 552 3658 ipsis
565 3601 665 3660 prestat
675 3591 718 3642 in·
754 3587 861 3642 cundum
874 3589 984 3656 vulgares
997 3589 1103 3666 rationes
1114 3589 1262 3641 astronomi·

218 3668 341 3721 nocentis!
354 3669 500 3722 —Somnus
511 3676 659 3742 agrestium,
671 3684 716 3726 etc.
754 3687 807 3738 cus,
820 3673 934 3732 lVsCnl.
947 3673 1011 3726 Nor.
1024 3672 1165 3725 occidit-
1173 3669 1259 3732 Hoedr',

214 3749 288 3819 junge
296 3772 302 3803 :
311 3754 388 3806 Lenis
400 3755 510 3808 Somnus
521 3756 628 3809 immites
637 3755 721 3810 domos
755 3754 810 3806 due
824 3756 900 3808 stelle
913 3757 940 3808 in
951 3757 1011 3810 lero
1022 3757 1122 3810 braabio
1131 3755 1262 3810 Erichtho-

217 3836 651 3908 21sorumagnsaum(h.e.oasss
664 3857 720 3892 rus-
757 3839 803 3905 nii,
816 3840 884 3906 cujus
894 3851 963 3894 ortus
974 3841 1001 3893 in
1014 3841 1078 3910 prid.
1091 3839 1159 3893 Non.
1171 3837 1260 3892 Octob.
1342 3903 1344 3910 Α

218 3919 290 3988 titas)
302 3921 477 3993 nonfirstidr't,
496 3942 546 3976 uon
562 3926 665 3990 transit,
678 3925 720 3976 sed
758 3920 856 3973 incidit.

218 4003 300 4059 intrat.
311 4038 342 4048 -
357 4005 529 4060 umbrosamve
543 4010 622 4078 ripam
633 4008 722 4060 leniter
792 4014 836 4056 29·
854 4005 915 4056 Non
932 4007 1032 4058 verder·
1051 4003 1145 4076 Μ
1159 4005 1259 4068 vllwoe,

215 4093 348 4158 strepentis
359 4109 437 4160 aqum.
450 4091 540 4143 Fsdcm
551 4092 581 4142 de
593 4089 718 4155 roVirgil.
756 4089 834 4143 sinor
851 4091 970 4154 grandine
985 4094 1102 4160 pulsate,
1120 4093 1200 4146 fructu
1216 4093 1261 4145 de—
