2838 4550
223 343 266 417 58
506 347 549 432 Q.
576 348 784 418 llOllATII
809 349 984 420 FLACCI

318 484 388 553 Nos
401 483 569 570 convivia,
585 507 645 552 nos
659 480 774 576 prolia
788 484 956 579 virginum

317 602 421 673 Sectis
434 602 468 672 in
481 603 619 697 juvenes
633 603 800 698 unguibus
813 604 941 702 acrium

317 725 516 811 Cantemus,
531 723 642 813 vacui,
654 722 724 796 sive
736 723 819 818 quid
832 723 962 796 urimur·

366 841 443 910 Non
457 856 579 936 preter
591 840 727 912 solitum
741 840 841 912 leves.

219 995 304 1068 θώρηξ,
314 996 414 1064 pallum
420 985 490 1068 bprae.
501 997 542 1051 Cl.
550 999 651 1052 Mitscb.
659 1017 725 1053 oont-
760 999 880 1068 pellerent
891 999 1040 1068 pes-tinacia;
1059 999 1161 1069 ideoque
1174 1017 1267 1068 ungues

220 1093 288 1153 porat
297 1082 385 1134 Claud.
397 1083 424 1136 ln
435 1083 508 1136 Gons.
522 1083 598 1138 Proh.
611 1093 637 1138 et
647 1083 721 1156 Olyb.
760 1084 1062 1156 miseniensis
1072 1085 1266 1156 ipsisquasisr-

221 1177 263 1228 99,
275 1165 397 1219 «Mavors
406 1167 534 1220 adanante
544 1179 679 1220 oemunt.»
688 1197 724 1210 -·
761 1167 821 1230 mis,
833 1176 970 1220 uterentur.
982 1167 1021 1218 Ex
1030 1167 1072 1222 ills
1083 1167 1267 1236 verborumop-

113 1239 118 1247 ’
219 1247 334 1310 domm,
343 1249 375 1303 de
387 1251 453 1303 ferro
463 1249 595 1306 durissimo
604 1262 724 1322 prssua-
760 1251 881 1322 positione
899 1267 1011 1319 magnam
1029 1252 1098 1303 ducit
1115 1261 1266 1304 venientem

219 1335 370 1404 tissimoque.
380 1336 548 1406 -Nigrunn
561 1337 725 1405 significanter
760 1338 801 1390 bie
814 1337 895 1402 lours,
908 1345 934 1390 et
949 1338 987 1390 sio
1000 1337 1112 1405 apprime
1120 1335 1269 1405 exprimitur

219 1433 280 1486 pro:
297 1419 443 1482 obductum,
454 1437 610 1490 conspersum
625 1420 725 1490 pulvere
759 1421 855 1475 indoles
871 1422 1008 1491 puellarum
1018 1421 1050 1476 de
1060 1421 1151 1492 quibus
1164 1430 1189 1471 et
1201 1419 1267 1471 infra

219 1499 246 1550 in
260 1503 352 1570 eampis
363 1502 445 1570 Trojar
455 1503 568 1555 excitato.
582 1503 724 1555 —Mern'o·
759 1504 809 1560 od.
823 1506 881 1557 IX:
901 1505 1062 1575 «Pignusque
1080 1505 1208 1573 dereptum
1227 1504 1266 1555 la-

219 1597 289 1644 nera,
311 1584 491 1637 nobilissimum
510 1585 575 1655 apud
590 1583 724 1638 Homerum
759 1592 850 1656 certis,
863 1587 916 1643 Aut
929 1591 1007 1658 digito
1021 1591 1087 1643 male
1098 1590 1265 1660 psnirsocr'‚s
1296 1593 1301 1597 “

180 1711 182 1716 ,
219 1667 344 1720 Idomenei
357 1670 474 1734 aurigam.
483 1667 649 1735 —Tyclr'den,
662 1669 724 1724 Dio-
759 1675 824 1728 dixit
833 1686 859 1729 et
867 1675 916 1730 od.
926 1676 995 1740 xn,
1007 1675 1053 1728 lib.
1065 1675 1103 1738 11,
1115 1694 1129 1721 n
1137 1685 1179 1725 aut
1190 1671 1265 1737 facili,

219 1751 499 1822 medemffydeililiurn,
507 1754 609 1805 heroum
618 1753 724 1806 fortissi-
759 1759 851 1810 sevitia
859 1770 930 1826 negat
938 1757 1267 1827 Quaeposcentcmngisgau-

219 1854 293 1899 muns,
300 1838 352 1906 qui,
360 1855 406 1908 opo
412 1836 538 1898 Palladis,
549 1837 649 1890 Pallade
655 1839 724 1906 adju·
758 1840 815 1894 dest
825 1841 1032 1910 eripi‚lnterdum
1043 1857 1129 1909 rapere
1136 1850 1243 1910 occupet.
1252 1861 1266 1890 s

216 1918 420 1980 vante,Venere1n
427 1919 572 1985 vulnerasse,
579 1931 662 1974 eleum
670 1923 722 1994 ipso
757 1922 808 1978 Pru
819 1925 903 1984 sectis,
914 1925 1028 1996 proponit
1039 1923 1166 1978 Bentleius
1173 1933 1198 1974 et
1208 1941 1266 1995 pto·

217 2002 299 2054 Marte
309 2021 447 2072 congressus
459 2023 511 2058 esse
519 2007 612 2058 dicitur
619 2005 720 2059 Homer.
758 2007 801 2060 bat
810 2005 932 2078 Doi'n'ng,
945 2007 1047 2067 mus,
1056 2007 1122 2078 qnod
1132 2023 1228 2058 omnem
1243 2017 1269 2059 et

217 2088 290 2142 Iliad.
301 2089 335 2152 V,
349 2103 399 2144 aas
413 2101 438 2142 et
452 2103 511 2147 856.
758 2091 1067 2154 verborum‚etsontentie
1076 2091 1183 2160 leporem
1192 2091 1265 2143 tollit.

255 2187 296 2227 lu.
309 2173 406 2228 Prota
413 2176 556 2246 vr'sgr‘rsum,
565 2175 631 2226 rixas
638 2192 722 2228 aman-
796 2185 838 2226 ¹9.
853 2171 948 2233 Vacus',
960 2173 1205 2246 sirepur'durdnnr,
1216 2173 1268 2226 sire

216 2259 287 2324 uum,
298 2268 327 2308 nt
336 2258 430 2310 Tibull.
441 2259 464 2322 1,
479 2271 503 2322 u,
513 2270 560 2312 os:
576 2279 589 2306 s
596 2258 722 2328 Hiojuve-
757 2255 831 2310 liberi
841 2273 924 2308 sumus
934 2257 966 2310 nb
975 2273 1065 2319 amore,
1073 2257 1124 2308 sire
1133 2255 1221 2328 puelle
1229 2257 1268 2312 vsl

217 2347 275 2392 nura
295 2342 372 2395 series
393 2341 484 2395 teneris
506 2342 616 2394 immixta
635 2344 723 2412 puellis
758 2338 829 2408 pueri
838 2337 963 2404 nrjusdam
973 2354 1056 2392 arnone
1064 2337 1270 2408 urimur;...par-
1296 2357 1311 2392 s

216 2423 434 2486 Luditetsssidue
444 2423 528 2492 prelia
534 2423 619 2475 miscet
625 2441 719 2476 amor.»
760 2421 833 2473 lienla
845 2422 896 2474 sive
912 2423 951 2474 vel
963 2439 1008 2472 seu
1019 2420 1101 2489 priore
1114 2419 1165 2472 loeo
1177 2422 1269 2488 passim

216 2503 337 2556 -Secu's
353 2505 501 2576 risjuvenes
516 2503 719 2574 ungusbuaacr.
758 2503 888 2566 omittitur,
900 2513 928 2555 ul
939 2503 1046 2573 supr.1‚
1061 2515 1091 2565 5,
1108 2502 1269 2556 lu.—Non
1367 2533 1371 2539 ·

215 2585 263 2640 llic
279 2587 415 2654 significare
432 2587 510 2640 voluit
527 2597 598 2656 poeta
614 2587 722 2656 virgines
755 2587 969 2656 praeterendum,
984 2586 1051 2638 hond
1063 2595 1153 2654 preter
1163 2602 1268 2639 cousue-

214 2669 314 2740 quidem
326 2682 409 2724 eontra
421 2681 529 2721 amantes
541 2687 568 2722 se
578 2671 667 2724 acriter
676 2671 722 2723 de·
760 2671 869 2724 tudinem
884 2681 997 2733 nostram,
1007 2687 1037 2722 ex
1046 2687 1113 2722 more
1124 2670 1196 2722 nobis
1209 2687 1268 2742 pro-

217 2754 317 2805 leudere
333 2753 409 2816 velle,
424 2753 458 2804 itu
474 2761 553 2805 tamen
575 2762 603 2803 ut
619 2769 659 2806 eos
675 2771 723 2808 nou
760 2753 829 2821 prio;
843 2753 918 2813 leves,
930 2755 961 2806 ad
972 2755 1095 2806 levitatem
1108 2765 1134 2806 et
1147 2756 1268 2824 protervi·

216 2836 724 2903 graviusledereneneonimiaomninooe-
761 2846 835 2889 tutem
849 2839 976 2906 proclives.

252 2999 384 3054 Anausis.
398 3002 436 3053 M.
445 3001 581 3072 Vipsanius
587 3001 704 3074 Agrippa,
711 3021 812 3071 magnus
822 3005 865 3057 ille
873 3021 900 3057 ac
909 3004 1045 3073 praecipuus
1054 3003 1158 3072 Augusti
1165 2971 1267 3068 anienis,

216 3100 279 3141 terra
293 3089 402 3157 marique
413 3088 485 3140 rebus
497 3089 570 3156 gestis
581 3092 737 3161 victoriisque
748 3091 842 3162 clarus,
854 3089 957 3144 Horatio
970 3092 1175 3159 exprobraverat,
1191 3099 1219 3142 nt
1229 3091 1268 3142 vi-

215 3174 300 3238 detur,
309 3175 447 3244 quodnulla
455 3175 514 3227 duna
525 3177 564 3227 sui
578 3177 604 3228 in
615 3177 692 3248 ipsius
704 3177 852 3229 carminibus
862 3185 924 3228 esset
934 3175 1036 3228 neruo.
1046 3177 1127 3244 Igitur
1137 3193 1163 3228 se
1172 3185 1270 3229 excttsan
1360 3172 1363 3178 ’

112 3316 115 3322 ,
215 3259 343 3332 Agrippa,
360 3262 447 3332 suique
462 3280 548 3316 venam
561 3263 653 3331 ingenii
663 3264 774 3317 sufficere
784 3272 855 3330 neget
865 3273 914 3314 tam
924 3261 1026 3316 sublimi
1035 3273 1193 3330 argumento.
1205 3261 1269 3334 quoti

215 3353 283 3422 epioo
294 3353 402 3408 carmine
415 3352 533 3408 celebrari
545 3354 646 3416 debent,
660 3371 735 3424 seque
747 3364 841 3406 unnim
854 3352 935 3422 lyricae
948 3352 1017 3421 poesi
1030 3353 1056 3404 in
1065 3353 1128 3421 jocis
1139 3363 1164 3406 et
1175 3352 1271 3405 lusibus

214 3450 333 3508 ooeuptae
342 3455 433 3496 vacare.
445 3439 501 3506 Quo
510 3440 574 3508 ipso,
582 3441 654 3511 quasi
666 3440 733 3492 aliud
744 3456 824 3508 agens.
839 3438 1065 3510 splendidissimum
1075 3437 1192 3509 Agrippia
1205 3439 1269 3508 ipsi·

214 3545 263 3596 que
272 3528 382 3596 Asrgmlo
391 3545 487 3584 carmen
496 3528 571 3584 dicit:
587 3546 644 3584 natu
653 3529 711 3582 dum
722 3530 838 3596 grandem
850 3530 899 3582 sibi
916 3529 1033 3599 spititunr
1045 3545 1098 3582 essa
1111 3538 1197 3596 negat,
1212 3544 1269 3579 euru

214 3615 253 3666 vol
268 3615 374 3669 maxine
385 3615 483 3683 prodit;
500 3623 526 3668 et
537 3611 670 3683 Agrippam
687 3615 880 3684 exquisitissime
898 3613 996 3679 laudat,
1007 3614 1067 3668 dum
1087 3615 1139 3680 ejus
1153 3611 1269 3666 laudibus

215 3701 330 3756 emendis
339 3717 366 3754 ss
378 3701 496 3768 inrpm
508 3699 643 3769 probetur.
662 3700 779 3768 Ejusdem
791 3719 889 3771 prorsus
903 3701 987 3756 lernae
998 3710 1037 3754 ast
1047 3699 1084 3762 11.
1098 3709 1144 3764 m
1159 3697 1209 3759 1V,
1224 3710 1266 3752 tt.

251 3789 403 3859 Qnsunqno
412 3787 527 3858 Agrippo
537 3789 720 3858 exprobrationi
732 3792 806 3858 buius
819 3792 938 3848 carminis
949 3791 1070 3860 originem
1082 3789 1209 3855 assignare
1219 3806 1268 3844 no-

217 3877 304 3939 luerit,
320 3875 449 3932 Horatium
465 3875 499 3930 ita
515 3885 601 3944 sponte
618 3875 742 3946 scripsisse
753 3887 859 3932 sumere
873 3879 981 3947 poterit:
997 3895 1010 3926 n
1024 3873 1081 3928 Non
1100 3889 1143 3942 ego
1163 3875 1189 3928 id
1207 3875 1269 3928 nihi

212 3979 318 4036 usonem,
328 3961 444 4032 Agrippa,
454 3971 483 4015 nt
493 3961 575 4016 laudes
586 3973 639 4015 tuos
650 3978 746 4028 maur,
759 3965 804 4018 boe
815 3965 882 4020 suisa
892 3966 970 4033 opinis
980 3975 1005 4020 et
1016 3961 1205 4018 sublimioribus
1216 3961 1269 4032 spi-

218 4052 279 4103 ritus
289 4052 366 4118 poetis
377 4052 561 4120 relinquendum
575 4063 628 4120 est;
642 4069 684 4119 ogo
697 4054 747 4124 lyra
759 4071 812 4108 nea
824 4073 872 4108 non
883 4057 993 4121 graviora
1001 4061 1159 4122 argumenta,
1174 4061 1219 4104 etc.
