2986 4554
279 321 349 409 450
564 323 607 409 Q.
634 321 840 390 HORATll
867 319 1037 390 FLACCl

375 458 623 551 Nigrorumque
638 477 784 542 mernor,
799 452 879 522 dnm
894 451 988 546 licet,
1002 456 1150 550 ignium,
1199 460 1203 466 '

374 578 479 646 Misce
493 573 667 644 stultitiam
681 570 826 642 consiliis
839 573 994 642 brevem:

639 689 746 762 Dulce
760 706 811 761 est
822 691 973 786 desipere
987 694 1023 764 in
1037 691 1122 764 loco.

161 905 173 918 ⁴
274 930 313 982 sn
330 931 389 982 rnre.
402 929 483 997 spat.
494 927 518 994 r,
529 939 555 990 s,
571 925 776 994 asperosque-
810 926 889 978 mas·
901 927 1015 980 emtus
1030 927 1143 988 mem,
1154 926 1241 996 min·
1253 945 1319 980 m-

274 1027 337 1079 tum,
347 1029 419 1084 quem
430 1013 460 1064 ad
469 1011 610 1065 ooenandum
622 1010 687 1077 apud
697 1026 723 1060 se
735 1010 775 1062 in·
811 1025 936 1078 nunqnam
954 1010 1042 1063 studiis
1060 1011 1214 1078 gravioribus
1228 1009 1319 1062 hilari-

272 1101 349 1165 ritat,
364 1094 546 1148 nauseantis
553 1110 563 1157 ,·
576 1092 775 1162 eratTorquatus
811 1093 856 1143 tati
867 1091 982 1159 indulge,
997 1111 1031 1146 sc.
1050 1094 1186 1146 studiorum
1198 1095 1319 1146 merita-

270 1175 776 1250 jurisoonsulms‚quemllorntinsspsdse
811 1185 860 1228 tem
870 1175 995 1228 hilaritate
1005 1182 1182 1246 nonnunquam
1193 1187 1318 1245 tempera,

271 1265 381 1318 ooenandi
400 1278 471 1314 causa
488 1259 619 1312 clientibus
634 1258 734 1324 demae,
751 1267 776 1310 et
811 1269 894 1328 aperte
905 1259 980 1325 igitur
990 1261 1042 1312 hac
1055 1261 1177 1313 sententia
1187 1260 1321 1328 respondet

271 1349 373 1418 perinde
387 1347 458 1398 lucri
469 1343 580 1396 sumtum
595 1343 717 1412 deponere
731 1344 775 1412 ju·
810 1348 842 1412 τῷ
855 1343 927 1394 tucri
938 1343 1051 1398 audium
1061 1344 1318 1416 ponere—brevem,

268 1434 320 1486 bet.
335 1431 398 1500 Quis
412 1432 477 1482 enim
490 1429 619 1482 rcrbomm
635 1430 774 1498 pmprieta-
809 1445 863 1497 quar
871 1437 951 1480 tamen
962 1446 1010 1480 non
1019 1425 1318 1498 longiorsit.-desr‘psrs,

270 1531 318 1571 tem
331 1526 415 1583 urgeat
426 1517 451 1568 in
464 1516 510 1577 iis,
521 1531 576 1582 quae
587 1513 720 1566 familiares
730 1529 775 1581 per
809 1511 913 1565 liberius
928 1522 953 1564 et
967 1512 1081 1564 licentius
1094 1512 1165 1579 genio
1176 1527 1221 1564 suo
1233 1509 1320 1563 indul-

265 1603 346 1669 jocum
368 1599 469 1652 invicem
493 1597 540 1648 sibi
560 1593 727 1665 exprobrant?
739 1623 774 1632 -
809 1611 879 1662 gere,
895 1605 923 1647 ut
932 1595 1030 1666 furere
1049 1613 1118 1666 supr.
1134 1595 1177 1662 11,
1189 1603 1214 1662 t,
1229 1604 1276 1661 2⁸,
1295 1605 1322 1646 et

268 1701 363 1736 memor
370 1683 503 1750 nigrorum
515 1679 624 1750 r'gm'usrr,
635 1681 697 1745 rogi,
709 1679 735 1729 h.
747 1695 771 1730 c.
809 1685 913 1748 perium
924 1681 990 1750 apud
999 1679 1177 1734 Anacreontem
1186 1679 1264 1740 xm,
1273 1689 1317 1730 ts.

268 1768 362 1818 mortis.
378 1767 419 1816 Sic
428 1765 500 1834 ignes
510 1777 579 1814 atros
587 1763 618 1814 de
629 1761 702 1828 rogis,
712 1779 773 1831 quos
809 1766 877 1815 -in
884 1765 947 1824 hcc,
959 1766 986 1818 h.
996 1783 1018 1818 e.
1031 1766 1186 1835 intempore,
1199 1765 1221 1814 is
1231 1771 1318 1834 καιρῷ,

267 1849 335 1901 caesis
347 1849 533 1911 stmitAEncns,
543 1845 709 1913 diritVirgil.
722 1846 772 1907 XI,
809 1857 837 1900 ut
852 1849 916 1917 apud
933 1848 1035 1902 Terent.
1054 1847 1161 1918 Adelph.
1175 1849 1218 1913 11,
1237 1861 1266 1915 t,
1286 1860 1317 1912 a,

272 1944 337 1986 tutt:
351 1953 365 1980 s
376 1931 431 1985 Huc
443 1949 543 2002 corpora
554 1930 659 2000 quisque
674 1948 773 1983 suorum
811 1953 824 1980 s
835 1934 964 2002 pecuniam
975 1935 1000 1985 in
1012 1933 1064 1988 loco
1077 1935 1207 2000 negligere.
1220 1940 1234 1982 η’
1249 1933 1315 1984 Inte.

267 2015 339 2070 More
366 2017 444 2070 tulere
468 2028 584 2086 patrum3
612 2015 774 2084 subjectisque
809 2015 890 2085 Epist.
907 2016 931 2077 1,
948 2029 971 2078 7,
987 2025 1035 2067 ut:
1051 2017 1109 2069 «Et
1120 2033 1250 2086 properare
1265 2015 1318 2068 looo

267 2099 372 2170 specibus
390 2102 453 2152 atris
472 2099 595 2152 Conditur
615 2099 641 2150 in
662 2099 775 2151 tenebrae
811 2099 890 2172 (justo
901 2099 1041 2170 tempore),
1053 2110 1079 2152 et
1088 2117 1198 2166 cessare,
1212 2111 1237 2153 et
1245 2117 1317 2170 qua-

266 2185 343 2238 altum
353 2184 456 2252 caligine
464 2183 559 2236 caelum.
570 2181 776 2233 u-Mircestul-
811 2199 877 2248 rere,
890 2183 972 2236 etuti.
985 2201 998 2232 a

675 2334 888 2384 ..L-a...-

298 2526 432 2576 Aranrsrs.
451 2520 542 2586 Veris,
557 2521 622 2588 quod
640 2521 710 2587 ibat,
727 2525 868 2575 amaenitate
888 2525 1010 2576 fruiturus
1025 2525 1106 2590 jocose
1122 2536 1147 2579 et
1160 2526 1316 2580 familiariter

265 2609 400 2675 Virgilium
413 2621 483 2658 suum
497 2605 527 2656 nd
540 2605 642 2657 hilarem
656 2609 860 2675 compotationcm
872 2609 979 2662 advocat.
995 2611 1140 2663 Dulcissima
1152 2613 1227 2678 igitur
1238 2631 1314 2665 amoe-

264 2695 342 2746 nioris
357 2693 416 2744 anni
433 2693 564 2760 temporis,
581 2694 646 2762 quod
661 2704 748 2762 sponte
765 2697 795 2746 ad
808 2695 944 2747 bibendum
958 2695 1061 2760 invitet,
1075 2697 1239 2766 descriptione
1249 2717 1314 2770 pra-

264 2784 346 2847 missa,
355 2781 439 2834 sinum
449 2780 567 2834 Calenum
580 2793 684 2836 venturo
695 2783 726 2834 ad
737 2801 764 2835 se
778 2785 855 2838 amieo
866 2786 998 2854 promittit,
1010 2785 1056 2837 bac
1066 2795 1147 2842 tamen
1159 2786 1211 2854 lege
1222 2799 1248 2840 et
1257 2806 1314 2841 oon-

200 2939 204 2946 ,
263 2872 367 2932 ditione,
380 2879 407 2922 ut
420 2869 522 2922 nardum
534 2887 614 2923 secum
629 2871 730 2932 aflerat,
747 2882 773 2923 et
785 2871 831 2923 hac
844 2889 924 2924 merce
937 2873 1041 2924 redimat
1052 2875 1123 2943 quasi
1136 2875 1249 2942 promissi
1260 2875 1313 2926 sini

265 2947 375 3010 munera.
388 2955 429 3008 Nc
445 2954 508 3008 lorte
525 2965 606 3008 antem
623 2956 689 3007 hunc
707 2956 807 3008 laetioris
824 2957 881 3010 rite
900 2958 1005 3011 fructum
1021 2959 1135 3029 intercipi
1146 2959 1195 3012 sibi
1206 2961 1315 3028 patiamr

264 3047 415 3114 negotiorum
430 3045 496 3098 curis
512 3055 538 3098 et
555 3045 781 3112 administratione,
794 3047 825 3100 de
837 3048 976 3112 site,dum
988 3049 1058 3112 licet,
1074 3049 1184 3102 fruendas
1194 3050 1314 3102 brevitate

265 3149 322 3186 eum
332 3131 449 3198 cogitem,
460 3142 486 3183 et
495 3133 531 3185 sic
542 3131 757 3200 sapienter'dulcia
769 3133 892 3187 interdum
903 3134 974 3188 seriis
985 3133 1087 3186 misoere
1096 3135 1313 3202 jubet—Admo-

265 3217 325 3268 dum
343 3217 489 3270 familiarem
508 3228 585 3285 poetar
603 3215 679 3269 luisse
696 3233 769 3279 eum,
788 3235 892 3287 quocum
906 3218 1059 3284 enituere,
1072 3221 1138 3272 utin
1149 3221 1195 3273 hoc
1205 3221 1313 3274 carmine

266 3303 355 3356 factum
374 3312 421 3367 est,
437 3303 514 3372 jocari
531 3312 627 3370 posset,
644 3317 718 3355 nemo
735 3321 784 3356 non
802 3303 928 3372 iutelligit.
947 3305 1011 3374 Quis
1028 3315 1109 3358 summ
1125 3307 1244 3360 Nostmm
1255 3323 1312 3358 unm

266 3405 353 3456 magno
361 3399 432 3457 poeta
438 3387 546 3453 Virgilio
555 3389 580 3438 in
590 3388 709 3453 ejusmodi
721 3389 889 3442 familiaritate
897 3390 989 3446 vixisse
995 3391 1102 3454 dubitet,
1109 3391 1157 3459 vel,
1166 3393 1189 3444 ai
1195 3391 1313 3446 carminis

265 3490 334 3542 supr.
346 3473 371 3540 1,
385 3485 413 3536 a,
430 3473 461 3525 ad
470 3471 604 3538 Virgilium
619 3472 705 3540 scripti
718 3475 874 3540 meminerit,
884 3473 999 3528 dubitare
1008 3475 1171 3544 potestllam
1180 3474 1313 3544 veruquod

264 3577 288 3610 v.
300 3567 345 3624 stt,
357 3555 545 3609 hscriuudium
554 3573 644 3625 ponere
652 3557 755 3624 jubetur
764 3558 895 3625 Virgilius,
906 3558 965 3611 inde
976 3575 1043 3628 enm,
1057 3576 1106 3612 non
1119 3571 1214 3629 mum
1229 3558 1311 3624 illum,

265 3645 316 3710 sed,
327 3645 348 3695 si
359 3643 409 3694 diis
418 3641 503 3711 plsoet,
517 3651 674 3694 mercatorem
686 3643 827 3712 quemdam,
836 3641 874 3695 rel
884 3644 1033 3712 myropolam
1043 3645 1104 3698 adeo
1112 3645 1164 3698 sire
1172 3655 1311 3710 unssttenta·

266 3732 330 3784 rium
342 3730 425 3787 luisse,
436 3729 479 3798 qni
490 3728 556 3780 serio
564 3730 749 3794 contenderent,
759 3729 829 3782 fuere
838 3729 930 3798 plures.
943 3730 992 3782 Sed
1002 3730 1062 3785 boni
1072 3729 1110 3784 itti
1121 3732 1310 3797 ἀωςίωιωῑ,

265 3833 313 3868 non
323 3815 353 3866 ad
364 3823 507 3866 mercstmes
516 3823 619 3882 tanturn,
630 3816 671 3866 sed
680 3815 709 3867 sd
720 3832 814 3883 omnes,
823 3815 1018 3884 quidiligentem
1028 3833 1108 3870 remm
1117 3833 1217 3870 sermm
1226 3831 1312 3870 caram

264 3911 360 3968 gerunt,
369 3899 508 3953 honestiore
519 3917 592 3953 sensu
602 3896 675 3953 hers*
682 3899 795 3954 suediam
810 3903 949 3972 pertinere3
960 3903 1089 3956 Horatium
1102 3913 1194 3971 natm,
1204 3903 1255 3956 nisi
1265 3919 1311 3970 per

260 3985 444 4055 jocnmspotius,
455 3985 497 4053 qui
512 4001 557 4052 per
570 3996 645 4040 totum
657 4003 755 4040 carmen
768 3997 861 4052 regnat,
872 3989 950 4041 amieo
960 4003 1004 4042 ano
1016 3987 1205 4042 tuenmsdstsm
1217 4003 1310 4054 erprn·

216 4091 219 4122 l
