2986 4554
257 425 328 510 408
541 423 585 510 Q.
611 421 822 491 HORATll
846 421 1023 490 FLACCI

255 559 315 612 dum
332 577 385 612 esse
399 568 482 623 natm,
493 555 526 610 tt.
539 556 570 609 C.
583 535 785 622 bocum,
801 556 936 613 exercitum
947 565 1031 610 centra
1046 573 1087 610 ecs
1102 533 1216 610 mittendi
1230 559 1305 630 eique

255 647 392 715 privignum
403 661 474 697 suum
482 643 597 695 Dauum
606 643 733 694 Nsrnnent
750 641 899 712 preficiendi
913 643 979 712 cepit
987 643 1132 700 ,eonsilium
1146 643 1302 715 Gniqnidem
1408 706 1411 716 ¹

255 731 358 785 consilio
367 740 469 783 eventus
480 729 641 799 respondebat
650 727 826 796 optatissimus.
840 727 935 780 Drusus
945 727 1012 780 enim
1022 746 1071 782 non
1081 729 1159 782 solum
1168 729 1266 784 lllnetns
1276 733 1303 784 in

256 817 336 886 primo
345 818 427 869 statim
437 815 530 884 prelio,
542 815 573 868 ad
581 815 659 882 Alpes
665 813 825 865 Tridentinae
833 829 889 865 cum
899 813 1074 882 iis'ccmmiaso,
1082 816 1302 886 luditlugaritqne,

256 904 317 972 (rid.
327 903 375 957 Ilio
382 903 454 969 LIV,
463 901 517 971 aa),
528 901 570 953 sed
580 901 634 970 pari
640 917 736 970 queque
743 900 842 952 fortuna
847 899 990 954 Vindelicos
995 901 1085 954 deinde
1092 903 1239 970 conjunctim
1247 921 1303 956 mm

258 989 334 1042 fratre
348 1007 393 1042 suo
402 988 515 1052 Tiberio,
525 1003 598 1056 quen
612 985 746 1053 adjutorem
757 985 781 1037 ei
791 981 915 1052 Angustus
925 985 1060 1053 addiderat,
1071 989 1226 1056 perdomuit,
1241 985 1302 1058 (rid.

256 1074 323 1126 Vell.
335 1073 527 1144 1[‚ca.)}1ujus
539 1072 640 1139 gemine
651 1071 726 1140 igitur
735 1069 862 1124 Neronum
871 1072 904 1124 de
911 1071 1005 1124 libetis
1015 1071 1186 1133 etVindelicis
1196 1075 1303 1127 victorin

255 1161 356 1227 gloriam
367 1159 499 1224 Horatius,
514 1160 550 1210 uti
562 1159 594 1210 ab
604 1159 658 1227 ipso
668 1155 792 1224 ingente,
801 1157 920 1212 Suetonio
930 1157 957 1211 in
966 1157 1022 1210 vit.
1033 1157 1120 1212 Horat.
1135 1169 1212 1228 teste,
1221 1163 1305 1230 jussus

257 1247 346 1308 inerat,
357 1245 453 1298 duobus
463 1244 622 1309 carminibus,
633 1243 775 1306 celebrarit,
786 1241 872 1310 altero,
882 1242 914 1296 de
924 1261 974 1314 quc
986 1261 1051 1296 nunc
1061 1247 1163 1312 agimus,
1174 1248 1200 1298 in
1208 1246 1302 1309 ὑπαί,

256 1331 333 1385 altero
342 1331 424 1402 (inire
434 1331 482 1398 Ν,
495 1329 542 1399 st)
552 1330 579 1382 in
592 1328 694 1380 Tiberii
701 1327 798 1380 laudam
808 1329 1051 1399 compositu—Tria
1059 1343 1140 1384 antem
1149 1333 1303 1401 potissimum

256 1419 302 1472 boc
311 1435 421 1484 carmen,
433 1419 459 1470 in
470 1432 574 1489 quonum
586 1417 728 1469 tractatione
737 1416 817 1470 omnis
830 1415 882 1483 ejus
891 1433 931 1470 am
940 1427 965 1470 et
974 1417 1089 1487 splendor
1096 1419 1214 1485 cernitur,
1222 1421 1304 1473 centi-

257 1514 313 1556 net:
326 1513 354 1554 tt
362 1505 462 1570 egregius
481 1502 548 1554 illius
563 1501 715 1554 fortitudinis
728 1511 753 1553 et
766 1502 883 1570 juvenilis
899 1503 1004 1570 rigoris,
1020 1521 1069 1574 quo
1079 1503 1172 1557 Dnssus
1186 1505 1212 1557 in
1223 1521 1303 1574 pugna

256 1599 340 1642 centra
348 1587 448 1640 Rhaetcs
456 1605 482 1642 se
491 1585 687 1656 conspiciendum
697 1587 843 1656 prebuerat,
853 1589 1051 1658 descriptionem,
1060 1589 1122 1654 sire,
1131 1591 1157 1642 in
1165 1608 1214 1661 qna
1222 1591 1304 1644 omnis

256 1673 305 1724 inec
312 1672 444 1744 descriptio
452 1682 570 1738 serentur,
578 1672 653 1724 Drusi
660 1689 716 1725 cum
723 1673 811 1739 jurene
820 1671 902 1742 nqsnsln
912 1683 938 1726 et
951 1673 1022 1727 leone
1035 1679 1239 1744 comparationem
1249 1697 1256 1746 ς
1272 1688 1302 1728 a·

256 1759 370 1826 Augusti,
379 1771 494 1830 tanquam
504 1759 572 1812 unici
580 1775 664 1811 earum
673 1759 900 1831 ricmtum,quibus
909 1760 1003 1813 Drusus
1010 1763 1303 1832 nuncersplendescebat,

150 1861 157 1880 ¹
256 1849 362 1902 auctoris
378 1848 560 1913 lucidationem5
577 1846 661 1899 laudat
673 1864 761 1916 nempe
771 1865 828 1900 rere
838 1858 967 1918 paternum
976 1847 1082 1917 Augusti
1090 1852 1216 1918 animum,
1228 1869 1303 1920 quem

256 1935 299 1998 ille
310 1935 337 1986 in
347 1935 465 2004 privignis
474 1935 525 1988 suis
534 1932 677 1986 Neronibus
686 1935 734 1986 rite
743 1933 874 1988 educendis
886 1936 1039 2004 probaverat,
1049 1936 1179 2008 sinumque,
1186 1947 1302 2008 quantem

256 2021 308 2072 rim
326 2021 353 2072 in
367 2037 465 2074 emnem
478 2019 556 2072 animi
570 2019 664 2071 cultum
676 2019 788 2072 educatio
802 2019 908 2086 hebent,
920 2021 1027 2074 breviter
1038 2023 1161 2091 ostendit3
1172 2035 1202 2076 ³⁰
1213 2025 1303 2076 veteris

255 2109 286 2160 C.
297 2107 397 2160 Claudii
408 2108 532 2174 Neronia,
548 2106 615 2159 unde
624 2107 743 2174 originem
757 2123 826 2159 suam
840 2109 985 2176 repetebant
997 2109 1124 2176 Nerones,
1139 2111 1303 2177 memoriam

254 2213 328 2264 quem
333 2197 442 2265 quidem,
449 2212 525 2264 quum
536 2195 672 2246 exscinde
684 2195 1304 2265 tempore‚quonntruhn‚1hnnibuiatnses,ts

256 2283 321 2336 bello
335 2283 429 2334 Punico
441 2282 545 2334 secundo
562 2281 594 2338 nb
611 2297 640 2332 ec
656 2281 766 2332 devictus
782 2282 878 2344 iuerat,
892 2299 978 2336 maeno
994 2299 1091 2353 semper
1105 2283 1175 2336 nsltn
1192 2285 1303 2338 Fermna

256 2366 372 2418 Romanis
384 2366 503 2430 nllulpere
511 2365 621 2432 ceperit,
631 2375 656 2417 et
667 2363 719 2432 ipse
728 2363 854 2418 Hannibal
864 2365 943 2435 (cujus
951 2368 998 2420 sub
1007 2369 1056 2420 line
1065 2371 1138 2438 bujus
1148 2371 1263 2423 cerminis
1271 2371 1304 2422 de

256 2452 420 2504 Romanorum
428 2451 530 2510 virtute,
537 2450 600 2499 rinei
610 2449 711 2502 omnino
719 2451 809 2516 nescia,
819 2451 930 2503 cantione
939 2451 1003 2504 nibil
1013 2453 1143 2508 sublimius
1151 2465 1177 2508 et
1184 2455 1302 2510 muisis

257 2533 455 2588 honorificentius
464 2531 565 2599 cogitari
576 2533 675 2600 potest),
686 2549 754 2600 spem
764 2551 872 2599 emnem,
882 2537 1004 2590 Romanos
1013 2539 1078 2591 rinei
1088 2557 1166 2608 pesse,
1175 2541 1302 2608 abiecerit,

257 2631 285 2672 ut
294 2619 374 2672 sirum
386 2617 481 2683 egregie
491 2617 522 2668 de
534 2616 659 2684 republica
672 2618 788 2670 meritum
800 2620 885 2670 multis
896 2620 993 2674 extollit
1003 2621 1126 2676 laudibus.
1135 2653 1170 2664 --
1179 2625 1302 2679 Consum-
1388 2609 1390 2612 Α

257 2703 419 2756 unctissimurn
431 2701 470 2772 pul
486 2701 583 2768 generis
593 2701 639 2752 boe
648 2718 746 2753 carmen
756 2713 828 2772 atque
838 2705 952 2757 omnibns
963 2705 1035 2775 piam
1046 2710 1154 2762 numeris
1165 2712 1301 2764 absolutum

256 2793 297 2846 cui
308 2809 371 2857 non,
380 2791 418 2843 rel
429 2789 516 2843 leviter
527 2790 586 2842 boni
600 2789 744 2860 pulchrique
754 2809 828 2844 sensu
840 2803 961 2859 contecto,
971 2796 1158 2852 admirationem
1169 2800 1208 2852 sui
1218 2801 1304 2869 iniecit

258 2893 331 2951 atque
347 2879 487 2950 expressit?
505 2879 568 2946 Quis
581 2880 761 2949 quesitissimis
774 2881 887 2936 laudibus
902 2885 990 2954 lyricas
1000 2887 1052 2953 ejus
1063 2887 1165 2942 virtutes
1178 2907 1301 2960 nunqrmm

258 2969 386 3021 adsecutus
395 2963 450 3018 est?
459 2974 485 3018 et
493 2982 552 3018 sane
560 2975 678 3035 quantum
690 2967 782 3038 ubique
792 2970 917 3036 sanguinis
925 2982 997 3042 atque
1007 2974 1151 3028 nervorum!
1161 2974 1211 3044 Qui
1218 2977 1301 3029 nisus!

257 3072 311 3124 quse
327 3053 429 3122 spiritus
443 3051 637 3118 magnificential
655 3069 710 3122 que
722 3071 804 3107 rerum
820 3057 998 3129 verborumque
1014 3061 1141 3127 majestas!
1153 3079 1225 3133 quam
1234 3061 1313 3116 dist:

258 3157 316 3191 num
333 3138 484 3192 tractationis
496 3137 642 3190 artillciuml
663 3148 690 3190 ut
702 3139 759 3205 jure
775 3141 837 3192 mibi
854 3145 1001 3196 contendere
1012 3161 1082 3214 posse
1096 3147 1189 3216 ridear,
1201 3148 1227 3199 in
1240 3148 1302 3200 illud

258 3226 381 3293 fastigium
392 3223 466 3277 hocne
475 3222 566 3276 eximio
578 3241 652 3292 opere
663 3224 789 3277 adductam
804 3227 911 3296 conspici
927 3231 1013 3298 poesin
1028 3231 1144 3302 lyricum,
1160 3233 1224 3286 ultm
1236 3235 1301 3302 quod

258 3313 361 3366 crebere
376 3329 430 3364 enm
446 3309 620 3362 difficillimum
635 3311 678 3377 sit,
688 3321 763 3380 utque
774 3313 835 3366 adeo
845 3313 1033 3384 locupletissime
1044 3319 1102 3372 inde
1109 3321 1204 3373 ostendi
1214 3322 1300 3388 possit,

259 3415 331 3466 quem
350 3397 443 3448 validm
460 3395 558 3461 ingenio
576 3394 693 3447 Horatius
714 3396 789 3448 luerit
805 3409 829 3450 et
842 3417 915 3468 quam
932 3402 1037 3455 macule
1055 3406 1169 3458 maximis
1189 3405 1260 3458 bellis
1276 3415 1300 3457 et

258 3472 398 3535 clarissimis
418 3481 532 3533 canendis
548 3481 665 3546 ducibus,
686 3481 747 3548 epici
765 3486 881 3536 carminis
897 3503 988 3553 onera,
1007 3489 1083 3542 nullis
1097 3491 1148 3544 lem
1157 3491 1300 3546 emensum

262 3581 385 3638 ptoctninna
398 3566 553 3619 udniinicnlis
565 3567 696 3631 allevatus,
710 3567 761 3636 lyra
774 3571 926 3624 sustinuerit.
942 3563 993 3624 lins
