2834 4546
647 431 854 501 HORATII

555 640 588 708 b.
614 643 744 715 Vecta
762 643 951 718 trochaici.

281 839 312 900 5.
338 836 458 898 Versus
471 833 655 897 trochaicus
667 833 807 901 dimeter
819 837 1004 904 catalectus.

411 1051 552 1108 Truditur
565 1051 624 1109 dies
636 1051 691 1108 dle.
708 1053 745 1121 11,
760 1053 804 1122 18,
819 1051 862 1110 15.

275 1185 427 1254 Horatius
438 1179 621 1273 spondeam
633 1185 667 1250 in
679 1185 822 1252 secunda
834 1187 912 1253 sede
924 1211 994 1254 non
1007 1187 1159 1254 admittit.

277 1299 333 1364 Eat
344 1299 380 1364 in
391 1311 499 1362 metro
510 1299 624 1362 xvltl.

521 1532 549 1576 c.
577 1511 706 1580 Versata
722 1505 974 1580 choriambici.
1026 1513 1033 1522 '

281 1703 312 1763 6.
337 1701 458 1766 Versus
483 1696 712 1764 Pherecratiua
739 1720 766 1765 a.
794 1696 1036 1764 choriambicus
1060 1713 1273 1764 monometer·

230 1809 510 1900 hypercatalectus
532 1829 607 1872 cum
629 1808 718 1888 baal,
741 1809 776 1873 in
799 1831 863 1896 qua
887 1807 973 1896 apud
996 1811 1111 1874 Horat.
1137 1831 1272 1898 semper

229 1919 396 2008 spondeus
411 1932 472 1983 est.

402 2139 452 2194 Via
466 2137 590 2196 formosa
604 2137 703 2194 videri.
720 2139 769 2206 IV,
784 2137 828 2209 13,
841 2137 867 2191 3.

272 2258 374 2322 Eatin
386 2270 493 2320 metro
505 2258 561 2320 IV.
600 2229 605 2247 .

199 2477 202 2484 ·
272 2441 304 2502 l.
318 2440 438 2503 Versus
446 2433 647 2522 Glyconicus
656 2457 683 2500 a.
694 2435 934 2502 choriambicus
943 2437 1083 2504 dimeter
1091 2439 1271 2504 catalectus

228 2551 263 2616 in
280 2544 506 2637 pyrrhichium
520 2560 575 2609 aut
590 2545 746 2626 iambum,
760 2570 835 2614 cum
846 2549 928 2630 basi,
942 2572 1038 2638 quam
1050 2548 1135 2637 apud
1148 2553 1265 2613 Horat.

182 2749 187 2760 θ
227 2680 360 2746 semper
373 2653 541 2745 spondeus
557 2670 658 2721 tenet.

359 2881 408 2939 Nil
422 2880 589 2938 mortalibus
602 2879 726 2936 arduum
738 2889 787 2935 cst.
804 2879 826 2949 1,
840 2879 866 2946 3,
879 2878 924 2952 37.

269 3017 449 3085 Bieinbasi
458 3016 660 3105 reperiretur
670 3015 881 3096 trochaeus,si
889 3016 986 3082 lectio
996 3013 1155 3082 servanda
1165 3034 1263 3084 esset.

230 3131 339 3194 Teucer
346 3139 373 3192 et
384 3133 410 3207 l,
422 3130 474 3207 15,
486 3128 541 3204 tt,
553 3127 810 3211 etIgnisIliacas
821 3122 901 3190 ibid.
915 3125 968 3186 36.
984 3123 1122 3210 Syllaba}
1132 3126 1266 3204 ultimae,

225 3258 290 3326 qua
299 3258 412 3303 versus
424 3233 583 3313 abundat,
595 3234 743 3300 vocalem
755 3232 866 3298 elisam
878 3230 1004 3318 reperis
1016 3232 1073 3308 1v,
1088 3235 1118 3312 l,
1132 3233 1184 3298 35.

269 3348 325 3409 Eat
337 3343 372 3407 in
385 3359 492 3408 metro
504 3343 548 3421 11,
561 3344 617 3421 111,
631 3344 684 3408 lV.

270 3527 301 3591 8.
327 3527 447 3592 Versus
469 3519 699 3610 Asclepiadem
719 3519 829 3585 minor
849 3541 875 3584 s.
894 3541 1008 3585 versus
1026 3519 1270 3586 choriambicus
1401 3581 1402 3624 p

224 3633 373 3700 trimeter
384 3631 596 3700 antecedenti
612 3629 736 3710 similis,
748 3629 810 3694 nisi
825 3628 918 3717 quod·
932 3651 999 3696 uno
1014 3627 1204 3695 choriambo
1216 3628 1269 3693 lo-

223 3743 387 3833 cupletior
399 3757 459 3810 eat.

323 3905 366 3914 --
418 3873 540 3942 -υν-Ι,
563 3892 655 3910 -vu-
708 3891 751 3919 v!

321 3969 499 4024 Crescentem
512 3965 640 4040 sequitur
654 3983 723 4021 cura
738 3965 895 4041 pecuniam.
912 3965 964 4032 lll,
978 3963 1022 4034 16,
1036 3981 1080 4033 17.
