<?xml version="1.0" encoding="UTF-8"?>
<!DOCTYPE html PUBLIC "-//W3C//DTD XHTML 1.0 Transitional//EN"
    "http://www.w3.org/TR/xhtml1/DTD/xhtml1-transitional.dtd">
<html xmlns="http://www.w3.org/1999/xhtml" xml:lang="en" lang="en">
 <head>
  <title>
</title>
<meta http-equiv="Content-Type" content="text/html;charset=utf-8" />
  <meta name='ocr-system' content='tesseract 3.04.00' />
  <meta name='ocr-capabilities' content='ocr_page ocr_carea ocr_par ocr_line ocrx_word'/>
</head>
<body>
  <div class='ocr_page' id='page_1' title='image "./quintushoratius01lemagoog_0085.png"; bbox 0 0 2834 4546; ppageno 0'>
   <div class='ocr_carea' id='block_1_1' title="bbox 165 320 1154 676">
    <p class='ocr_par' dir='ltr' id='par_1_1' title="bbox 165 320 1154 676">
     <span class='ocr_line' id='line_1_1' title="bbox 200 320 964 424; baseline -0.008 -31"><span class='ocrx_word' id='word_1_1' title='bbox 200 328 245 424; x_wconf 68' lang='lat'>74</span> <span class='ocrx_word' id='word_1_2' title='bbox 479 322 522 409; x_wconf 91' lang='lat' dir='ltr'>Q.</span> <span class='ocrx_word' id='word_1_3' title='bbox 548 321 758 390; x_wconf 84' lang='lat' dir='ltr'><strong>HORATII</strong></span> <span class='ocrx_word' id='word_1_4' title='bbox 784 320 964 389; x_wconf 85' lang='lat' dir='ltr'>FLACCI</span> 
     </span>
     <span class='ocr_line' id='line_1_2' title="bbox 165 459 1070 558; baseline -0.007 -25"><span class='ocrx_word' id='word_1_5' title='bbox 165 477 170 492; x_wconf 76' lang='grc'><strong>“</strong></span> <span class='ocrx_word' id='word_1_6' title='bbox 197 463 426 558; x_wconf 67' lang='lat' dir='ltr'>Tyrrhenum</span> <span class='ocrx_word' id='word_1_7' title='bbox 441 463 568 556; x_wconf 84' lang='lat' dir='ltr'>sapias,</span> <span class='ocrx_word' id='word_1_8' title='bbox 584 461 660 529; x_wconf 82' lang='lat' dir='ltr'>vina</span> <span class='ocrx_word' id='word_1_9' title='bbox 676 459 795 555; x_wconf 88' lang='lat' dir='ltr'>liques,</span> <span class='ocrx_word' id='word_1_10' title='bbox 809 477 843 530; x_wconf 91' lang='lat' dir='ltr'>et</span> <span class='ocrx_word' id='word_1_11' title='bbox 854 461 963 554; x_wconf 86' lang='lat' dir='ltr'>spatio</span> <span class='ocrx_word' id='word_1_12' title='bbox 974 459 1070 528; x_wconf 87' lang='lat' dir='ltr'>brevi</span> 
     </span>
     <span class='ocr_line' id='line_1_3' title="bbox 199 575 1154 676; baseline -0.006 -24"><span class='ocrx_word' id='word_1_13' title='bbox 199 585 299 676; x_wconf 89' lang='lat' dir='ltr'>Spem</span> <span class='ocrx_word' id='word_1_14' title='bbox 310 580 445 675; x_wconf 83' lang='lat' dir='ltr'>longam</span> <span class='ocrx_word' id='word_1_15' title='bbox 457 604 596 650; x_wconf 79' lang='lat' dir='ltr'><strong>reseces.</strong></span> <span class='ocrx_word' id='word_1_16' title='bbox 609 583 699 649; x_wconf 89' lang='lat' dir='ltr'>Dum</span> <span class='ocrx_word' id='word_1_17' title='bbox 713 575 893 675; x_wconf 83' lang='lat' dir='ltr'>loquimur,</span> <span class='ocrx_word' id='word_1_18' title='bbox 906 578 1030 673; x_wconf 84' lang='lat' dir='ltr'>fugerit</span> <span class='ocrx_word' id='word_1_19' title='bbox 1041 577 1154 647; x_wconf 85' lang='lat' dir='ltr'>invida</span> 
     </span>
    </p>
   </div>
   <div class='ocr_carea' id='block_1_2' title="bbox 200 697 1153 796">
    <p class='ocr_par' dir='ltr' id='par_1_2' title="bbox 200 697 1153 796">
     <span class='ocr_line' id='line_1_4' title="bbox 200 697 1153 796; baseline -0.006 -23"><span class='ocrx_word' id='word_1_20' title='bbox 200 705 301 772; x_wconf 77' lang='lat' dir='ltr'>AEtas</span> <span class='ocrx_word' id='word_1_21' title='bbox 314 705 424 795; x_wconf 83' lang='lat' dir='ltr'><strong>Carpe</strong></span> <span class='ocrx_word' id='word_1_22' title='bbox 436 699 543 791; x_wconf 89' lang='lat' dir='ltr'>diem,</span> <span class='ocrx_word' id='word_1_23' title='bbox 555 725 655 796; x_wconf 87' lang='lat' dir='ltr'>quam</span> <span class='ocrx_word' id='word_1_24' title='bbox 668 701 846 770; x_wconf 90' lang='lat' dir='ltr'>minimum</span> <span class='ocrx_word' id='word_1_25' title='bbox 856 697 992 770; x_wconf 85' lang='lat' dir='ltr'>credula</span> <span class='ocrx_word' id='word_1_26' title='bbox 1005 715 1153 793; x_wconf 87' lang='lat' dir='ltr'>postero.</span> 
     </span>
    </p>
   </div>
   <div class='ocr_carea' id='block_1_3' title="bbox 200 895 1256 1978">
    <p class='ocr_par' dir='ltr' id='par_1_3' title="bbox 200 895 1256 1984">
     <span class='ocr_line' id='line_1_5' title="bbox 201 895 1248 976; baseline -0.007 -22"><span class='ocrx_word' id='word_1_27' title='bbox 201 919 261 976; x_wconf 80' lang='lat' dir='ltr'>quoe</span> <span class='ocrx_word' id='word_1_28' title='bbox 278 895 350 954; x_wconf 84' lang='lat' dir='ltr'>nunc</span> <span class='ocrx_word' id='word_1_29' title='bbox 366 901 477 955; x_wconf 78' lang='lat' dir='ltr'>dedsb&#39;tut</span> <span class='ocrx_word' id='word_1_30' title='bbox 493 919 577 962; x_wconf 72' lang='lat' dir='ltr'>mare,</span> <span class='ocrx_word' id='word_1_31' title='bbox 598 919 641 970; x_wconf 91' lang='lat' dir='ltr'>pro</span> <span class='ocrx_word' id='word_1_32' title='bbox 652 902 708 953; x_wconf 80' lang='lat' dir='ltr'>vul-</span> <span class='ocrx_word' id='word_1_33' title='bbox 745 901 837 973; x_wconf 75' lang='lat' dir='ltr'>ls&#39;ques.</span> <span class='ocrx_word' id='word_1_34' title='bbox 855 930 889 939; x_wconf 91' lang='lat'>-</span> <span class='ocrx_word' id='word_1_35' title='bbox 904 901 995 950; x_wconf 73' lang='lat' dir='ltr'>volsum</span> <span class='ocrx_word' id='word_1_36' title='bbox 1017 899 1119 969; x_wconf 69' lang='grc' dir='ltr'>ὶῐᾳνωε</span> <span class='ocrx_word' id='word_1_37' title='bbox 1146 907 1183 948; x_wconf 85' lang='lat' dir='ltr'>est</span> <span class='ocrx_word' id='word_1_38' title='bbox 1209 899 1248 948; x_wconf 83' lang='lat' dir='ltr'>vi-</span> 
     </span>
     <span class='ocr_line' id='line_1_6' title="bbox 200 980 1249 1054; baseline -0.004 -18"><span class='ocrx_word' id='word_1_39' title='bbox 200 986 267 1052; x_wconf 79' lang='lat' dir='ltr'>gori:</span> <span class='ocrx_word' id='word_1_40' title='bbox 278 1002 475 1054; x_wconf 79' lang='lat' dir='ltr'>quanuuemnre</span> <span class='ocrx_word' id='word_1_41' title='bbox 485 986 673 1050; x_wconf 65' lang='lat' dir='ltr'>debilitatumb.</span> <span class='ocrx_word' id='word_1_42' title='bbox 683 1003 705 1038; x_wconf 84' lang='lat' dir='ltr'>e.</span> <span class='ocrx_word' id='word_1_43' title='bbox 744 999 803 1036; x_wconf 82' lang='lat' dir='ltr'>uum</span> <span class='ocrx_word' id='word_1_44' title='bbox 820 981 963 1052; x_wconf 76' lang='lat' dir='ltr'>persoluudo</span> <span class='ocrx_word' id='word_1_45' title='bbox 977 981 1095 1050; x_wconf 76' lang='lat' dir='ltr'>liquidius</span> <span class='ocrx_word' id='word_1_46' title='bbox 1112 992 1137 1032; x_wconf 91' lang='lat' dir='ltr'>et</span> <span class='ocrx_word' id='word_1_47' title='bbox 1155 980 1190 1032; x_wconf 89' lang='lat' dir='ltr'>sie</span> <span class='ocrx_word' id='word_1_48' title='bbox 1207 980 1249 1032; x_wconf 93' lang='lat' dir='ltr'>bi·</span> 
     </span>
     <span class='ocr_line' id='line_1_7' title="bbox 201 1065 1247 1141; baseline -0.006 -23"><span class='ocrx_word' id='word_1_49' title='bbox 201 1067 332 1134; x_wconf 76' lang='lat' dir='ltr'>frangitur,</span> <span class='ocrx_word' id='word_1_50' title='bbox 349 1069 510 1137; x_wconf 76' lang='lat' dir='ltr'>repercutitur</span> <span class='ocrx_word' id='word_1_51' title='bbox 525 1071 642 1141; x_wconf 82' lang='lat' dir='ltr'>opposs&#39;tis</span> <span class='ocrx_word' id='word_1_52' title='bbox 653 1088 707 1140; x_wconf 82' lang='lat' dir='ltr'>pu·</span> <span class='ocrx_word' id='word_1_53' title='bbox 744 1068 826 1121; x_wconf 89' lang='lat' dir='ltr'>bendo</span> <span class='ocrx_word' id='word_1_54' title='bbox 834 1078 917 1136; x_wconf 80' lang='lat' dir='ltr'>aptum</span> <span class='ocrx_word' id='word_1_55' title='bbox 927 1065 1247 1131; x_wconf 71' lang='lat' dir='ltr'>reddere3Grtocisdieitur:</span> 
     </span>
     <span class='ocr_line' id='line_1_8' title="bbox 201 1147 1247 1222; baseline -0.002 -18"><span class='ocrx_word' id='word_1_56' title='bbox 201 1152 322 1211; x_wconf 78' lang='lat' dir='ltr'>mr&#39;csbus,</span> <span class='ocrx_word' id='word_1_57' title='bbox 343 1171 402 1222; x_wconf 89' lang='lat' dir='ltr'>pro:</span> <span class='ocrx_word' id='word_1_58' title='bbox 423 1153 541 1222; x_wconf 76' lang='lat' dir='ltr'>rupibus,</span> <span class='ocrx_word' id='word_1_59' title='bbox 560 1153 709 1206; x_wconf 84' lang='lat' dir='ltr'>murinorum</span> <span class='ocrx_word' id='word_1_60' title='bbox 744 1150 837 1215; x_wconf 71' lang='lat' dir='ltr'>tatus,</span> <span class='ocrx_word' id='word_1_61' title='bbox 850 1149 977 1214; x_wconf 73' lang='grc' dir='ltr'>σακκῖζιιν,</span> <span class='ocrx_word' id='word_1_62' title='bbox 992 1147 1146 1220; x_wconf 69' lang='grc' dir='ltr'>(Εητριαϊιινς</span> <span class='ocrx_word' id='word_1_63' title='bbox 1159 1151 1194 1204; x_wconf 78' lang='lat' dir='ltr'>ei.</span> <span class='ocrx_word' id='word_1_64' title='bbox 1208 1150 1247 1203; x_wconf 88' lang='lat' dir='ltr'>Cl.</span> 
     </span>
     <span class='ocr_line' id='line_1_9' title="bbox 201 1231 1251 1308; baseline -0.006 -18"><span class='ocrx_word' id='word_1_65' title='bbox 201 1237 319 1290; x_wconf 86' lang='lat' dir='ltr'>fluctuum</span> <span class='ocrx_word' id='word_1_66' title='bbox 342 1237 450 1306; x_wconf 87' lang='lat' dir='ltr'>impetu,</span> <span class='ocrx_word' id='word_1_67' title='bbox 470 1237 593 1308; x_wconf 84' lang='lat' dir='ltr'>pumicum</span> <span class='ocrx_word' id='word_1_68' title='bbox 616 1239 707 1306; x_wconf 77' lang='lat' dir='ltr'>instar,</span> <span class='ocrx_word' id='word_1_69' title='bbox 745 1231 864 1286; x_wconf 66' lang='lat' dir='ltr'>sumu.</span> <span class='ocrx_word' id='word_1_70' title='bbox 881 1233 913 1285; x_wconf 81' lang='lat' dir='ltr'>od</span> <span class='ocrx_word' id='word_1_71' title='bbox 924 1232 1020 1286; x_wconf 88' lang='lat' dir='ltr'>Colum.</span> <span class='ocrx_word' id='word_1_72' title='bbox 1037 1233 1251 1300; x_wconf 74' lang='lat' dir='ltr'>X11,rs‚r.-</span> 
     </span>
     <span class='ocr_line' id='line_1_10' title="bbox 202 1317 1250 1394; baseline -0.004 -22"><span class='ocrx_word' id='word_1_73' title='bbox 202 1324 281 1374; x_wconf 82' lang='lat' dir='ltr'>exesis</span> <span class='ocrx_word' id='word_1_74' title='bbox 291 1332 317 1374; x_wconf 85' lang='lat' dir='ltr'>et</span> <span class='ocrx_word' id='word_1_75' title='bbox 327 1323 424 1374; x_wconf 86' lang='lat' dir='ltr'>caratis.</span> <span class='ocrx_word' id='word_1_76' title='bbox 437 1323 478 1376; x_wconf 78' lang='lat' dir='ltr'>Sic</span> <span class='ocrx_word' id='word_1_77' title='bbox 484 1341 580 1393; x_wconf 71' lang='lat' dir='ltr'>pumex</span> <span class='ocrx_word' id='word_1_78' title='bbox 592 1343 636 1394; x_wconf 71' lang='lat' dir='ltr'>pro</span> <span class='ocrx_word' id='word_1_79' title='bbox 650 1341 709 1392; x_wconf 73' lang='lat' dir='ltr'>rupo</span> <span class='ocrx_word' id='word_1_80' title='bbox 745 1317 884 1371; x_wconf 85' lang='lat' dir='ltr'>Utebantur</span> <span class='ocrx_word' id='word_1_81' title='bbox 896 1329 991 1372; x_wconf 78' lang='lat' dir='ltr'>veteres</span> <span class='ocrx_word' id='word_1_82' title='bbox 1004 1319 1034 1370; x_wconf 83' lang='lat' dir='ltr'>ad</span> <span class='ocrx_word' id='word_1_83' title='bbox 1051 1317 1135 1370; x_wconf 80' lang='lat' dir='ltr'>riuum</span> <span class='ocrx_word' id='word_1_84' title='bbox 1151 1318 1250 1386; x_wconf 84' lang='lat' dir='ltr'>liquan-</span> 
     </span>
     <span class='ocr_line' id='line_1_11' title="bbox 202 1403 1250 1474; baseline -0.002 -18"><span class='ocrx_word' id='word_1_85' title='bbox 202 1420 330 1456; x_wconf 82' lang='lat' dir='ltr'>oarernosa</span> <span class='ocrx_word' id='word_1_86' title='bbox 347 1405 411 1472; x_wconf 78' lang='lat' dir='ltr'>apud</span> <span class='ocrx_word' id='word_1_87' title='bbox 427 1404 499 1472; x_wconf 56' lang='lat' dir='ltr'>Virgt</span> <span class='ocrx_word' id='word_1_88' title='bbox 521 1405 579 1458; x_wconf 81' lang='lat' dir='ltr'>AEn.</span> <span class='ocrx_word' id='word_1_89' title='bbox 590 1406 626 1470; x_wconf 86' lang='lat' dir='ltr'>V,</span> <span class='ocrx_word' id='word_1_90' title='bbox 642 1419 709 1474; x_wconf 74' lang='lat' dir='ltr'>stt,</span> <span class='ocrx_word' id='word_1_91' title='bbox 745 1403 803 1456; x_wconf 79' lang='lat' dir='ltr'>dtun</span> <span class='ocrx_word' id='word_1_92' title='bbox 816 1403 868 1456; x_wconf 85' lang='lat' dir='ltr'>eolo</span> <span class='ocrx_word' id='word_1_93' title='bbox 878 1405 973 1474; x_wconf 71' lang='grc' dir='ltr'><strong>(ἠθμῷ,</strong></span> <span class='ocrx_word' id='word_1_94' title='bbox 990 1405 1111 1472; x_wconf 74' lang='grc' dir='ltr'>ὓλιστῆρι,</span> <span class='ocrx_word' id='word_1_95' title='bbox 1121 1403 1147 1454; x_wconf 88' lang='lat' dir='ltr'>b.</span> <span class='ocrx_word' id='word_1_96' title='bbox 1161 1420 1184 1454; x_wconf 94' lang='lat' dir='ltr'>e.</span> <span class='ocrx_word' id='word_1_97' title='bbox 1197 1419 1250 1454; x_wconf 86' lang='lat' dir='ltr'>sao-</span> 
     </span>
     <span class='ocr_line' id='line_1_12' title="bbox 205 1485 1251 1557; baseline 0.005 -24"><span class='ocrx_word' id='word_1_98' title='bbox 205 1505 219 1533; x_wconf 75' lang='lat'>«</span> <span class='ocrx_word' id='word_1_99' title='bbox 229 1485 315 1552; x_wconf 85' lang='lat' dir='ltr'>Qualis</span> <span class='ocrx_word' id='word_1_100' title='bbox 324 1485 437 1555; x_wconf 85' lang='lat' dir='ltr'>spelunca</span> <span class='ocrx_word' id='word_1_101' title='bbox 446 1489 529 1541; x_wconf 90' lang='lat' dir='ltr'>subito</span> <span class='ocrx_word' id='word_1_102' title='bbox 537 1501 657 1544; x_wconf 80' lang='lat' dir='ltr'>oommota</span> <span class='ocrx_word' id='word_1_103' title='bbox 666 1509 709 1543; x_wconf 87' lang='lat' dir='ltr'>oo·</span> <span class='ocrx_word' id='word_1_104' title='bbox 746 1487 800 1542; x_wconf 79' lang='lat' dir='ltr'>mlo</span> <span class='ocrx_word' id='word_1_105' title='bbox 816 1489 909 1557; x_wconf 87' lang='lat' dir='ltr'>linteo,</span> <span class='ocrx_word' id='word_1_106' title='bbox 930 1489 999 1542; x_wconf 82' lang='lat' dir='ltr'>tenui</span> <span class='ocrx_word' id='word_1_107' title='bbox 1019 1489 1112 1540; x_wconf 77' lang='lat' dir='ltr'>vimine</span> <span class='ocrx_word' id='word_1_108' title='bbox 1128 1488 1210 1539; x_wconf 85' lang='lat' dir='ltr'>rarius</span> <span class='ocrx_word' id='word_1_109' title='bbox 1226 1488 1251 1538; x_wconf 88' lang='lat' dir='ltr'>in</span> 
     </span>
     <span class='ocr_line' id='line_1_13' title="bbox 204 1568 1252 1638; baseline 0.005 -19"><span class='ocrx_word' id='word_1_110' title='bbox 204 1568 296 1636; x_wconf 81' lang='lat' dir='ltr'>lumba,</span> <span class='ocrx_word' id='word_1_111' title='bbox 305 1568 353 1621; x_wconf 86' lang='lat' dir='ltr'>Cui</span> <span class='ocrx_word' id='word_1_112' title='bbox 362 1571 448 1622; x_wconf 87' lang='lat' dir='ltr'>domus</span> <span class='ocrx_word' id='word_1_113' title='bbox 458 1581 484 1622; x_wconf 89' lang='lat' dir='ltr'>et</span> <span class='ocrx_word' id='word_1_114' title='bbox 494 1572 576 1626; x_wconf 79' lang='lat' dir='ltr'>dulces</span> <span class='ocrx_word' id='word_1_115' title='bbox 589 1574 711 1626; x_wconf 86' lang='lat' dir='ltr'>latebroso</span> <span class='ocrx_word' id='word_1_116' title='bbox 745 1575 800 1626; x_wconf 90' lang='lat' dir='ltr'>oooi</span> <span class='ocrx_word' id='word_1_117' title='bbox 813 1574 903 1626; x_wconf 73' lang='lat' dir='ltr'>inversi</span> <span class='ocrx_word' id='word_1_118' title='bbox 920 1575 1024 1628; x_wconf 75' lang='lat' dir='ltr'>formam</span> <span class='ocrx_word' id='word_1_119' title='bbox 1033 1577 1160 1638; x_wconf 76' lang='lat' dir='ltr'>contexto)</span> <span class='ocrx_word' id='word_1_120' title='bbox 1172 1581 1200 1625; x_wconf 92' lang='lat' dir='ltr'>ut</span> <span class='ocrx_word' id='word_1_121' title='bbox 1213 1572 1252 1624; x_wconf 81' lang='lat' dir='ltr'>vi·</span> 
     </span>
     <span class='ocr_line' id='line_1_14' title="bbox 205 1653 1253 1727; baseline 0.004 -23"><span class='ocrx_word' id='word_1_122' title='bbox 205 1655 232 1704; x_wconf 89' lang='lat' dir='ltr'>iu</span> <span class='ocrx_word' id='word_1_123' title='bbox 248 1653 345 1722; x_wconf 78' lang='lat' dir='ltr'>pumice</span> <span class='ocrx_word' id='word_1_124' title='bbox 362 1655 430 1723; x_wconf 91' lang='lat' dir='ltr'>nidi,</span> <span class='ocrx_word' id='word_1_125' title='bbox 447 1655 538 1709; x_wconf 84' lang='lat' dir='ltr'>Fertur</span> <span class='ocrx_word' id='word_1_126' title='bbox 555 1659 581 1710; x_wconf 88' lang='lat' dir='ltr'>in</span> <span class='ocrx_word' id='word_1_127' title='bbox 596 1676 653 1712; x_wconf 80' lang='lat' dir='ltr'>arra</span> <span class='ocrx_word' id='word_1_128' title='bbox 667 1677 711 1712; x_wconf 83' lang='lat' dir='ltr'>vo·</span> <span class='ocrx_word' id='word_1_129' title='bbox 748 1673 807 1709; x_wconf 90' lang='lat' dir='ltr'>num</span> <span class='ocrx_word' id='word_1_130' title='bbox 823 1676 867 1727; x_wconf 90' lang='lat' dir='ltr'>psr</span> <span class='ocrx_word' id='word_1_131' title='bbox 885 1655 946 1710; x_wconf 93' lang='lat' dir='ltr'>illud</span> <span class='ocrx_word' id='word_1_132' title='bbox 963 1658 1133 1711; x_wconf 81' lang='lat' dir='ltr'>transmissum</span> <span class='ocrx_word' id='word_1_133' title='bbox 1148 1657 1253 1708; x_wconf 74' lang='lat' dir='ltr'>defoca-</span> 
     </span>
     <span class='ocr_line' id='line_1_15' title="bbox 205 1737 1253 1812; baseline 0.004 -25"><span class='ocrx_word' id='word_1_134' title='bbox 205 1737 268 1805; x_wconf 87' lang='lat' dir='ltr'>lans,</span> <span class='ocrx_word' id='word_1_135' title='bbox 278 1757 291 1786; x_wconf 81' lang='lat' dir='ltr'>n</span> <span class='ocrx_word' id='word_1_136' title='bbox 302 1747 347 1790; x_wconf 85' lang='lat' dir='ltr'>eto.</span> <span class='ocrx_word' id='word_1_137' title='bbox 362 1749 388 1792; x_wconf 90' lang='lat' dir='ltr'>et</span> <span class='ocrx_word' id='word_1_138' title='bbox 396 1739 458 1808; x_wconf 83' lang='lat' dir='ltr'>XII,</span> <span class='ocrx_word' id='word_1_139' title='bbox 470 1753 531 1808; x_wconf 74' lang='lat' dir='ltr'>ost,</span> <span class='ocrx_word' id='word_1_140' title='bbox 543 1763 556 1791; x_wconf 80' lang='grc' dir='ltr'><strong>α</strong></span> <span class='ocrx_word' id='word_1_141' title='bbox 566 1743 675 1796; x_wconf 81' lang='lat' dir='ltr'>Indum</span> <span class='ocrx_word' id='word_1_142' title='bbox 685 1755 713 1798; x_wconf 92' lang='lat' dir='ltr'>ut</span> <span class='ocrx_word' id='word_1_143' title='bbox 748 1753 818 1809; x_wconf 87' lang='lat' dir='ltr'>rent,</span> <span class='ocrx_word' id='word_1_144' title='bbox 843 1743 881 1795; x_wconf 82' lang='lat' dir='ltr'>rsl</span> <span class='ocrx_word' id='word_1_145' title='bbox 898 1745 994 1812; x_wconf 90' lang='lat' dir='ltr'>potius,</span> <span class='ocrx_word' id='word_1_146' title='bbox 1024 1754 1052 1794; x_wconf 93' lang='lat' dir='ltr'>ut</span> <span class='ocrx_word' id='word_1_147' title='bbox 1069 1743 1131 1794; x_wconf 89' lang='lat' dir='ltr'>mihi</span> <span class='ocrx_word' id='word_1_148' title='bbox 1147 1742 1253 1805; x_wconf 82' lang='lat' dir='ltr'>ridetur,</span> 
     </span>
     <span class='ocr_line' id='line_1_16' title="bbox 205 1821 1256 1897; baseline 0.005 -25"><span class='ocrx_word' id='word_1_149' title='bbox 205 1838 280 1889; x_wconf 88' lang='lat' dir='ltr'>quum</span> <span class='ocrx_word' id='word_1_150' title='bbox 293 1821 412 1876; x_wconf 85' lang='lat' dir='ltr'>latebroso</span> <span class='ocrx_word' id='word_1_151' title='bbox 421 1824 446 1875; x_wconf 90' lang='lat' dir='ltr'>io</span> <span class='ocrx_word' id='word_1_152' title='bbox 455 1826 550 1894; x_wconf 85' lang='lat' dir='ltr'>pumloe</span> <span class='ocrx_word' id='word_1_153' title='bbox 564 1836 647 1895; x_wconf 83' lang='lat' dir='ltr'>postor</span> <span class='ocrx_word' id='word_1_154' title='bbox 657 1828 711 1882; x_wconf 85' lang='lat' dir='ltr'>Ve-</span> <span class='ocrx_word' id='word_1_155' title='bbox 748 1827 831 1880; x_wconf 82' lang='lat' dir='ltr'>adore</span> <span class='ocrx_word' id='word_1_156' title='bbox 844 1829 882 1880; x_wconf 81' lang='lat' dir='ltr'>rel</span> <span class='ocrx_word' id='word_1_157' title='bbox 896 1845 993 1882; x_wconf 80' lang='lat' dir='ltr'>musore</span> <span class='ocrx_word' id='word_1_158' title='bbox 1011 1837 1151 1897; x_wconf 75' lang='lat' dir='ltr'>purgarent.</span> <span class='ocrx_word' id='word_1_159' title='bbox 1160 1824 1256 1877; x_wconf 88' lang='lat' dir='ltr'>-Ce-</span> 
     </span>
     <span class='ocr_line' id='line_1_17' title="bbox 206 1905 1256 1978; baseline 0.003 -22"><span class='ocrx_word' id='word_1_160' title='bbox 206 1905 303 1972; x_wconf 82' lang='lat' dir='ltr'>stigarit</span> <span class='ocrx_word' id='word_1_161' title='bbox 316 1923 413 1976; x_wconf 63' lang='grc' dir='ltr'>αρνιμ)</span> <span class='ocrx_word' id='word_1_162' title='bbox 429 1909 629 1964; x_wconf 71' lang='lat' dir='ltr'>eto-Homul</span> <span class='ocrx_word' id='word_1_163' title='bbox 644 1929 712 1966; x_wconf 88' lang='lat' dir='ltr'>oom-</span> <span class='ocrx_word' id='word_1_164' title='bbox 749 1921 828 1963; x_wconf 87' lang='lat' dir='ltr'>terum</span> <span class='ocrx_word' id='word_1_165' title='bbox 849 1921 945 1978; x_wconf 77' lang='lat' dir='ltr'>poetam</span> <span class='ocrx_word' id='word_1_166' title='bbox 968 1911 1023 1962; x_wconf 89' lang='lat' dir='ltr'>ideo</span> <span class='ocrx_word' id='word_1_167' title='bbox 1041 1911 1185 1962; x_wconf 87' lang='lat' dir='ltr'>Leuconoen</span> <span class='ocrx_word' id='word_1_168' title='bbox 1211 1910 1256 1959; x_wconf 96' lang='grc' dir='ltr'>ν’·</span> 
     </span>
    </p>
   </div>
   <div class='ocr_carea' id='block_1_4' title="bbox 207 1991 1373 2065">
    <p class='ocr_par' dir='ltr' id='par_1_4' title="bbox 207 1991 1373 2065">
     <span class='ocr_line' id='line_1_18' title="bbox 207 1991 1373 2065; baseline 0.003 -24"><span class='ocrx_word' id='word_1_169' title='bbox 207 2001 329 2044; x_wconf 85' lang='lat' dir='ltr'>mentatur</span> <span class='ocrx_word' id='word_1_170' title='bbox 345 1991 483 2044; x_wconf 71' lang='lat' dir='ltr'>Gaisonis</span> <span class='ocrx_word' id='word_1_171' title='bbox 507 1993 576 2045; x_wconf 89' lang='lat' dir='ltr'>nullo</span> <span class='ocrx_word' id='word_1_172' title='bbox 597 1995 713 2048; x_wconf 85' lang='lat' dir='ltr'>hactenns</span> <span class='ocrx_word' id='word_1_173' title='bbox 749 2010 812 2044; x_wconf 81' lang='lat' dir='ltr'>num</span> <span class='ocrx_word' id='word_1_174' title='bbox 825 1992 926 2065; x_wconf 63' lang='lat' dir='ltr'>libum</span> <span class='ocrx_word' id='word_1_175' title='bbox 933 1993 1029 2060; x_wconf 86' lang='lat' dir='ltr'>jubere,</span> <span class='ocrx_word' id='word_1_176' title='bbox 1039 2003 1068 2044; x_wconf 85' lang='lat' dir='ltr'>ut</span> <span class='ocrx_word' id='word_1_177' title='bbox 1079 1992 1139 2044; x_wconf 89' lang='lat' dir='ltr'>illud</span> <span class='ocrx_word' id='word_1_178' title='bbox 1150 1992 1257 2044; x_wconf 90' lang='lat' dir='ltr'>bibendo</span> <span class='ocrx_word' id='word_1_179' title='bbox 1370 2047 1373 2053; x_wconf 82' lang='grc'>,</span> 
     </span>
    </p>
   </div>
   <div class='ocr_carea' id='block_1_5' title="bbox 168 2075 1272 4085">
    <p class='ocr_par' dir='ltr' id='par_1_5' title="bbox 168 2075 1267 3574">
     <span class='ocr_line' id='line_1_19' title="bbox 207 2075 1257 2148; baseline 0.001 -22"><span class='ocrx_word' id='word_1_180' title='bbox 207 2075 356 2129; x_wconf 82' lang='lat' dir='ltr'>intellectum</span> <span class='ocrx_word' id='word_1_181' title='bbox 373 2078 451 2148; x_wconf 68' lang='lat' dir='ltr'>inisse</span> <span class='ocrx_word' id='word_1_182' title='bbox 462 2096 485 2128; x_wconf 83' lang='lat' dir='ltr'>r.</span> <span class='ocrx_word' id='word_1_183' title='bbox 503 2089 518 2132; x_wconf 78' lang='lat' dir='ltr'>t</span> <span class='ocrx_word' id='word_1_184' title='bbox 536 2080 623 2131; x_wconf 77' lang='lat' dir='ltr'>asserit</span> <span class='ocrx_word' id='word_1_185' title='bbox 638 2090 664 2132; x_wconf 90' lang='lat' dir='ltr'>et</span> <span class='ocrx_word' id='word_1_186' title='bbox 679 2081 713 2132; x_wconf 84' lang='lat' dir='ltr'>ite</span> <span class='ocrx_word' id='word_1_187' title='bbox 749 2077 869 2130; x_wconf 74' lang='lat' dir='ltr'>hilaritati</span> <span class='ocrx_word' id='word_1_188' title='bbox 891 2078 1030 2144; x_wconf 75' lang='lat' dir='ltr'>indulgeat,</span> <span class='ocrx_word' id='word_1_189' title='bbox 1050 2078 1091 2130; x_wconf 82' lang='lat' dir='ltr'>six</span> <span class='ocrx_word' id='word_1_190' title='bbox 1110 2076 1257 2130; x_wconf 87' lang='lat' dir='ltr'>monendum</span> 
     </span>
     <span class='ocr_line' id='line_1_20' title="bbox 208 2159 1258 2232; baseline 0.004 -24"><span class='ocrx_word' id='word_1_191' title='bbox 208 2159 325 2226; x_wconf 76' lang='lat' dir='ltr'>explicat:</span> <span class='ocrx_word' id='word_1_192' title='bbox 338 2160 432 2212; x_wconf 81' lang='lat' dir='ltr'>ulllam</span> <span class='ocrx_word' id='word_1_193' title='bbox 446 2161 568 2228; x_wconf 84' lang='lat' dir='ltr'>hiemem,</span> <span class='ocrx_word' id='word_1_194' title='bbox 584 2181 629 2232; x_wconf 87' lang='lat' dir='ltr'>per</span> <span class='ocrx_word' id='word_1_195' title='bbox 640 2179 714 2232; x_wconf 59' lang='lat' dir='ltr'>mom</span> <span class='ocrx_word' id='word_1_196' title='bbox 750 2163 854 2215; x_wconf 84' lang='lat' dir='ltr'>ridetur.</span> <span class='ocrx_word' id='word_1_197' title='bbox 864 2189 901 2202; x_wconf 89' lang='lat'>-·-</span> <span class='ocrx_word' id='word_1_198' title='bbox 911 2162 992 2232; x_wconf 77' lang='lat' dir='ltr'>spotti&gt;</span> <span class='ocrx_word' id='word_1_199' title='bbox 1001 2160 1072 2212; x_wconf 77' lang='lat' dir='ltr'>brevi</span> <span class='ocrx_word' id='word_1_200' title='bbox 1078 2177 1145 2231; x_wconf 81' lang='lat' dir='ltr'>spem</span> <span class='ocrx_word' id='word_1_201' title='bbox 1156 2159 1258 2228; x_wconf 78' lang='lat' dir='ltr'>longam</span> 
     </span>
     <span class='ocr_line' id='line_1_21' title="bbox 208 2241 1260 2316; baseline 0 -22"><span class='ocrx_word' id='word_1_202' title='bbox 208 2241 313 2295; x_wconf 81' lang='lat' dir='ltr'>Romani</span> <span class='ocrx_word' id='word_1_203' title='bbox 326 2244 477 2299; x_wconf 87' lang='lat' dir='ltr'>imminuunt</span> <span class='ocrx_word' id='word_1_204' title='bbox 491 2263 558 2300; x_wconf 85' lang='lat' dir='ltr'>mars</span> <span class='ocrx_word' id='word_1_205' title='bbox 572 2248 716 2316; x_wconf 84' lang='lat' dir='ltr'>opponendo</span> <span class='ocrx_word' id='word_1_206' title='bbox 751 2263 830 2298; x_wconf 77' lang='lat' dir='ltr'>mres.</span> <span class='ocrx_word' id='word_1_207' title='bbox 846 2246 874 2297; x_wconf 88' lang='lat' dir='ltr'>b.</span> <span class='ocrx_word' id='word_1_208' title='bbox 891 2263 916 2298; x_wconf 90' lang='lat' dir='ltr'>e.</span> <span class='ocrx_word' id='word_1_209' title='bbox 938 2261 1006 2314; x_wconf 86' lang='lat' dir='ltr'>opem</span> <span class='ocrx_word' id='word_1_210' title='bbox 1025 2246 1052 2296; x_wconf 90' lang='lat' dir='ltr'>in</span> <span class='ocrx_word' id='word_1_211' title='bbox 1072 2244 1187 2310; x_wconf 78' lang='lat' dir='ltr'>longioris</span> <span class='ocrx_word' id='word_1_212' title='bbox 1204 2243 1260 2295; x_wconf 77' lang='lat' dir='ltr'>rite</span> 
     </span>
     <span class='ocr_line' id='line_1_22' title="bbox 210 2327 1261 2399; baseline 0 -19"><span class='ocrx_word' id='word_1_213' title='bbox 210 2327 717 2399; x_wconf 78' lang='lat' dir='ltr'>pumices,h.e.moles,inquibusdomos</span> <span class='ocrx_word' id='word_1_214' title='bbox 752 2340 847 2398; x_wconf 86' lang='lat' dir='ltr'>tempus</span> <span class='ocrx_word' id='word_1_215' title='bbox 867 2330 1008 2398; x_wconf 80' lang='lat' dir='ltr'>productum</span> <span class='ocrx_word' id='word_1_216' title='bbox 1029 2347 1043 2380; x_wconf 92' lang='lat' dir='ltr'>a</span> <span class='ocrx_word' id='word_1_217' title='bbox 1063 2329 1184 2381; x_wconf 72' lang='lat' dir='ltr'>brevioris</span> <span class='ocrx_word' id='word_1_218' title='bbox 1203 2329 1261 2381; x_wconf 75' lang='lat' dir='ltr'>vite</span> 
     </span>
     <span class='ocr_line' id='line_1_23' title="bbox 211 2409 1261 2481; baseline 0.002 -19"><span class='ocrx_word' id='word_1_219' title='bbox 211 2409 370 2475; x_wconf 54' lang='lat' dir='ltr'>suttune»</span> <span class='ocrx_word' id='word_1_220' title='bbox 388 2414 425 2465; x_wconf 84' lang='lat' dir='ltr'>sie</span> <span class='ocrx_word' id='word_1_221' title='bbox 439 2415 491 2466; x_wconf 76' lang='lat' dir='ltr'>base</span> <span class='ocrx_word' id='word_1_222' title='bbox 502 2413 577 2465; x_wconf 83' lang='lat' dir='ltr'>rerba</span> <span class='ocrx_word' id='word_1_223' title='bbox 588 2413 717 2466; x_wconf 79' lang='lat' dir='ltr'>referendo</span> <span class='ocrx_word' id='word_1_224' title='bbox 752 2414 831 2481; x_wconf 86' lang='lat' dir='ltr'>spatio</span> <span class='ocrx_word' id='word_1_225' title='bbox 854 2413 976 2465; x_wconf 75' lang='lat' dir='ltr'>rescindm</span> <span class='ocrx_word' id='word_1_226' title='bbox 996 2421 1022 2464; x_wconf 90' lang='lat' dir='ltr'>et</span> <span class='ocrx_word' id='word_1_227' title='bbox 1043 2411 1188 2479; x_wconf 85' lang='lat' dir='ltr'>disjungas;</span> <span class='ocrx_word' id='word_1_228' title='bbox 1211 2413 1261 2466; x_wconf 90' lang='lat' dir='ltr'>noll</span> 
     </span>
     <span class='ocr_line' id='line_1_24' title="bbox 212 2493 1262 2565; baseline 0.004 -21"><span class='ocrx_word' id='word_1_229' title='bbox 212 2493 242 2544; x_wconf 82' lang='lat' dir='ltr'>ad</span> <span class='ocrx_word' id='word_1_230' title='bbox 252 2493 306 2546; x_wconf 81' lang='lat' dir='ltr'>illan</span> <span class='ocrx_word' id='word_1_231' title='bbox 314 2495 449 2550; x_wconf 73' lang='lat' dir='ltr'>mamtimas</span> <span class='ocrx_word' id='word_1_232' title='bbox 458 2496 522 2548; x_wconf 79' lang='lat' dir='ltr'>audes</span> <span class='ocrx_word' id='word_1_233' title='bbox 531 2496 659 2565; x_wconf 77' lang='lat' dir='ltr'>dequibus</span> <span class='ocrx_word' id='word_1_234' title='bbox 664 2497 718 2551; x_wconf 81' lang='lat' dir='ltr'>sal-</span> <span class='ocrx_word' id='word_1_235' title='bbox 752 2511 864 2563; x_wconf 86' lang='lat' dir='ltr'>sperare,</span> <span class='ocrx_word' id='word_1_236' title='bbox 874 2511 929 2563; x_wconf 75' lang='lat' dir='ltr'>que</span> <span class='ocrx_word' id='word_1_237' title='bbox 946 2495 978 2547; x_wconf 90' lang='lat' dir='ltr'>ob</span> <span class='ocrx_word' id='word_1_238' title='bbox 994 2495 1049 2546; x_wconf 76' lang='lat' dir='ltr'>vite</span> <span class='ocrx_word' id='word_1_239' title='bbox 1062 2495 1208 2546; x_wconf 79' lang='lat' dir='ltr'>brevitatem</span> <span class='ocrx_word' id='word_1_240' title='bbox 1221 2513 1262 2548; x_wconf 91' lang='lat' dir='ltr'>as-</span> 
     </span>
     <span class='ocr_line' id='line_1_25' title="bbox 212 2575 1262 2648; baseline 0.002 -20"><span class='ocrx_word' id='word_1_241' title='bbox 212 2576 298 2630; x_wconf 84' lang='lat' dir='ltr'>lustius</span> <span class='ocrx_word' id='word_1_242' title='bbox 307 2579 718 2648; x_wconf 74' lang='lat' dir='ltr'>Cep.Xx.Nonridooautemour</span> <span class='ocrx_word' id='word_1_243' title='bbox 752 2580 821 2648; x_wconf 80' lang='lat' dir='ltr'>sequi</span> <span class='ocrx_word' id='word_1_244' title='bbox 834 2575 1027 2647; x_wconf 73' lang='lat' dir='ltr'>nequis-Alio</span> <span class='ocrx_word' id='word_1_245' title='bbox 1035 2578 1165 2630; x_wconf 79' lang='lat' dir='ltr'>verborum</span> <span class='ocrx_word' id='word_1_246' title='bbox 1174 2589 1262 2630; x_wconf 81' lang='lat' dir='ltr'>ornatu</span> 
     </span>
     <span class='ocr_line' id='line_1_26' title="bbox 183 2661 1264 2737; baseline 0.002 -23"><span class='ocrx_word' id='word_1_247' title='bbox 183 2681 187 2692; x_wconf 93' lang='lat'>·</span> <span class='ocrx_word' id='word_1_248' title='bbox 211 2662 308 2718; x_wconf 79' lang='lat' dir='ltr'>illorum</span> <span class='ocrx_word' id='word_1_249' title='bbox 320 2666 524 2718; x_wconf 82' lang='lat' dir='ltr'>substructionum</span> <span class='ocrx_word' id='word_1_250' title='bbox 535 2684 606 2719; x_wconf 87' lang='lat' dir='ltr'>usum</span> <span class='ocrx_word' id='word_1_251' title='bbox 615 2667 658 2737; x_wconf 86' lang='lat' dir='ltr'>qui</span> <span class='ocrx_word' id='word_1_252' title='bbox 667 2667 717 2734; x_wconf 82' lang='lat' dir='ltr'>jana</span> <span class='ocrx_word' id='word_1_253' title='bbox 753 2663 862 2717; x_wconf 82' lang='lat' dir='ltr'>eumdem</span> <span class='ocrx_word' id='word_1_254' title='bbox 889 2663 1035 2716; x_wconf 83' lang='lat' dir='ltr'>sententiam</span> <span class='ocrx_word' id='word_1_255' title='bbox 1059 2663 1148 2714; x_wconf 81' lang='lat' dir='ltr'>extulit</span> <span class='ocrx_word' id='word_1_256' title='bbox 1172 2661 1264 2716; x_wconf 84' lang='lat' dir='ltr'>Noster</span> 
     </span>
     <span class='ocr_line' id='line_1_27' title="bbox 211 2745 1263 2818; baseline -0.002 -18"><span class='ocrx_word' id='word_1_257' title='bbox 211 2747 256 2800; x_wconf 90' lang='lat' dir='ltr'>diu</span> <span class='ocrx_word' id='word_1_258' title='bbox 267 2757 338 2800; x_wconf 83' lang='lat' dir='ltr'>antea</span> <span class='ocrx_word' id='word_1_259' title='bbox 353 2749 561 2818; x_wconf 74' lang='lat' dir='ltr'>frequentabatur,</span> <span class='ocrx_word' id='word_1_260' title='bbox 578 2751 636 2804; x_wconf 85' lang='lat' dir='ltr'>huie</span> <span class='ocrx_word' id='word_1_261' title='bbox 655 2767 719 2804; x_wconf 88' lang='lat' dir='ltr'>anno</span> <span class='ocrx_word' id='word_1_262' title='bbox 754 2763 827 2816; x_wconf 78' lang='lat' dir='ltr'>supro</span> <span class='ocrx_word' id='word_1_263' title='bbox 836 2747 860 2813; x_wconf 90' lang='lat'>1,</span> <span class='ocrx_word' id='word_1_264' title='bbox 871 2757 898 2814; x_wconf 80' lang='lat' dir='ltr'>t,</span> <span class='ocrx_word' id='word_1_265' title='bbox 910 2757 952 2804; x_wconf 78' lang='lat' dir='ltr'>tt,</span> <span class='ocrx_word' id='word_1_266' title='bbox 965 2765 978 2794; x_wconf 80' lang='lat' dir='ltr'>u</span> <span class='ocrx_word' id='word_1_267' title='bbox 990 2745 1057 2798; x_wconf 82' lang='lat' dir='ltr'>Vitse</span> <span class='ocrx_word' id='word_1_268' title='bbox 1072 2762 1167 2798; x_wconf 80' lang='lat' dir='ltr'>sumum</span> <span class='ocrx_word' id='word_1_269' title='bbox 1182 2747 1263 2798; x_wconf 79' lang='lat' dir='ltr'>brevis</span> 
     </span>
     <span class='ocr_line' id='line_1_28' title="bbox 168 2829 1263 2904; baseline -0.007 -18"><span class='ocrx_word' id='word_1_270' title='bbox 168 2889 181 2902; x_wconf 54' lang='grc'><strong><em>,</em></strong></span> <span class='ocrx_word' id='word_1_271' title='bbox 212 2833 718 2904; x_wconf 77' lang='lat' dir='ltr'>potissimumllomtlusexpmbmretdum</span> <span class='ocrx_word' id='word_1_272' title='bbox 754 2849 876 2903; x_wconf 86' lang='lat' dir='ltr'>spemnos</span> <span class='ocrx_word' id='word_1_273' title='bbox 891 2841 956 2885; x_wconf 79' lang='lat' dir='ltr'>vetut</span> <span class='ocrx_word' id='word_1_274' title='bbox 965 2832 1081 2884; x_wconf 82' lang='lat' dir='ltr'>inchoare</span> <span class='ocrx_word' id='word_1_275' title='bbox 1092 2829 1263 2898; x_wconf 75' lang='lat' dir='ltr'>longam.»-</span> 
     </span>
     <span class='ocr_line' id='line_1_29' title="bbox 213 2913 1265 2990; baseline -0.006 -20"><span class='ocrx_word' id='word_1_276' title='bbox 213 2927 297 2970; x_wconf 80' lang='lat' dir='ltr'>eontra</span> <span class='ocrx_word' id='word_1_277' title='bbox 314 2917 368 2969; x_wconf 88' lang='lat' dir='ltr'>lieri</span> <span class='ocrx_word' id='word_1_278' title='bbox 385 2920 572 2984; x_wconf 77' lang='lat' dir='ltr'>poteretutboe</span> <span class='ocrx_word' id='word_1_279' title='bbox 584 2935 649 2970; x_wconf 84' lang='lat' dir='ltr'>anno</span> <span class='ocrx_word' id='word_1_280' title='bbox 665 2921 719 2988; x_wconf 87' lang='lat' dir='ltr'>plus</span> <span class='ocrx_word' id='word_1_281' title='bbox 746 2917 862 2990; x_wconf 78' lang='lat' dir='ltr'>fugerit,</span> <span class='ocrx_word' id='word_1_282' title='bbox 882 2935 937 2970; x_wconf 78' lang='lat' dir='ltr'>orum</span> <span class='ocrx_word' id='word_1_283' title='bbox 957 2915 1088 2983; x_wconf 82' lang='lat' dir='ltr'>majorevi</span> <span class='ocrx_word' id='word_1_284' title='bbox 1106 2913 1198 2966; x_wconf 77' lang='lat' dir='ltr'>diemm</span> <span class='ocrx_word' id='word_1_285' title='bbox 1219 2929 1265 2981; x_wconf 84' lang='lat' dir='ltr'>pro</span> 
     </span>
     <span class='ocr_line' id='line_1_30' title="bbox 214 3001 1264 3074; baseline -0.003 -22"><span class='ocrx_word' id='word_1_286' title='bbox 214 3001 286 3052; x_wconf 87' lang='lat' dir='ltr'>solito</span> <span class='ocrx_word' id='word_1_287' title='bbox 298 3017 364 3052; x_wconf 84' lang='lat' dir='ltr'>mare</span> <span class='ocrx_word' id='word_1_288' title='bbox 375 3001 523 3065; x_wconf 79' lang='lat' dir='ltr'>agitaretur5</span> <span class='ocrx_word' id='word_1_289' title='bbox 537 3013 654 3068; x_wconf 69' lang='lat' dir='ltr'>praterea</span> <span class='ocrx_word' id='word_1_290' title='bbox 670 3021 719 3055; x_wconf 88' lang='lat' dir='ltr'>non</span> <span class='ocrx_word' id='word_1_291' title='bbox 745 3003 831 3074; x_wconf 82' lang='lat' dir='ltr'>sugit.</span> <span class='ocrx_word' id='word_1_292' title='bbox 848 3003 965 3055; x_wconf 85' lang='lat' dir='ltr'>Esmdem</span> <span class='ocrx_word' id='word_1_293' title='bbox 980 3003 1015 3053; x_wconf 85' lang='lat' dir='ltr'>sic</span> <span class='ocrx_word' id='word_1_294' title='bbox 1029 3001 1148 3068; x_wconf 81' lang='lat' dir='ltr'>expressit</span> <span class='ocrx_word' id='word_1_295' title='bbox 1161 3007 1264 3050; x_wconf 83' lang='lat' dir='ltr'>senten·</span> 
     </span>
     <span class='ocr_line' id='line_1_31' title="bbox 214 3081 1266 3153; baseline 0 -19"><span class='ocrx_word' id='word_1_296' title='bbox 214 3081 721 3153; x_wconf 81' lang='lat' dir='ltr'>mihirideturbiemsuptissimumtempus</span> <span class='ocrx_word' id='word_1_297' title='bbox 757 3089 815 3140; x_wconf 83' lang='lat' dir='ltr'>tiam</span> <span class='ocrx_word' id='word_1_298' title='bbox 831 3088 901 3139; x_wconf 85' lang='lat' dir='ltr'>Pers.</span> <span class='ocrx_word' id='word_1_299' title='bbox 918 3085 954 3153; x_wconf 86' lang='lat' dir='ltr'>V,</span> <span class='ocrx_word' id='word_1_300' title='bbox 974 3095 1040 3137; x_wconf 71' lang='lat' dir='ltr'>tus:</span> <span class='ocrx_word' id='word_1_301' title='bbox 1061 3083 1153 3136; x_wconf 76' lang='lat' dir='ltr'>«Vive</span> <span class='ocrx_word' id='word_1_302' title='bbox 1172 3099 1266 3136; x_wconf 86' lang='lat' dir='ltr'>memor</span> 
     </span>
     <span class='ocr_line' id='line_1_32' title="bbox 216 3165 1266 3238; baseline 0.002 -20"><span class='ocrx_word' id='word_1_303' title='bbox 216 3166 247 3218; x_wconf 85' lang='lat' dir='ltr'>od</span> <span class='ocrx_word' id='word_1_304' title='bbox 266 3165 442 3232; x_wconf 81' lang='lat' dir='ltr'>oooumooda,</span> <span class='ocrx_word' id='word_1_305' title='bbox 463 3167 577 3234; x_wconf 86' lang='lat' dir='ltr'>inprimis</span> <span class='ocrx_word' id='word_1_306' title='bbox 595 3169 622 3222; x_wconf 89' lang='lat' dir='ltr'>in</span> <span class='ocrx_word' id='word_1_307' title='bbox 641 3171 719 3233; x_wconf 82' lang='lat' dir='ltr'>mari,</span> <span class='ocrx_word' id='word_1_308' title='bbox 754 3172 814 3234; x_wconf 85' lang='lat' dir='ltr'>leti;</span> <span class='ocrx_word' id='word_1_309' title='bbox 826 3169 1096 3237; x_wconf 55' lang='lat' dir='ltr'>lugit3bombosdum</span> <span class='ocrx_word' id='word_1_310' title='bbox 1105 3169 1199 3238; x_wconf 88' lang='lat' dir='ltr'>loquor,</span> <span class='ocrx_word' id='word_1_311' title='bbox 1207 3167 1266 3220; x_wconf 89' lang='lat' dir='ltr'>inde</span> 
     </span>
     <span class='ocr_line' id='line_1_33' title="bbox 216 3248 1267 3322; baseline 0 -20"><span class='ocrx_word' id='word_1_312' title='bbox 216 3250 328 3304; x_wconf 73' lang='lat' dir='ltr'>adifiuia.</span> <span class='ocrx_word' id='word_1_313' title='bbox 340 3248 437 3317; x_wconf 87' lang='lat' dir='ltr'>Quibus</span> <span class='ocrx_word' id='word_1_314' title='bbox 446 3251 478 3302; x_wconf 86' lang='lat' dir='ltr'>de</span> <span class='ocrx_word' id='word_1_315' title='bbox 490 3253 569 3304; x_wconf 70' lang='lat' dir='ltr'>musis</span> <span class='ocrx_word' id='word_1_316' title='bbox 578 3263 602 3303; x_wconf 91' lang='lat' dir='ltr'>et</span> <span class='ocrx_word' id='word_1_317' title='bbox 608 3253 666 3320; x_wconf 82' lang='lat' dir='ltr'>quia</span> <span class='ocrx_word' id='word_1_318' title='bbox 678 3254 720 3304; x_wconf 89' lang='lat' dir='ltr'>ni·</span> <span class='ocrx_word' id='word_1_319' title='bbox 756 3264 801 3304; x_wconf 82' lang='lat' dir='ltr'>est.</span> <span class='ocrx_word' id='word_1_320' title='bbox 811 3249 968 3310; x_wconf 78' lang='lat' dir='ltr'>n-siwr&#39;dn,</span> <span class='ocrx_word' id='word_1_321' title='bbox 977 3269 1032 3322; x_wconf 82' lang='lat' dir='ltr'>quu</span> <span class='ocrx_word' id='word_1_322' title='bbox 1042 3263 1091 3304; x_wconf 84' lang='lat' dir='ltr'>tam</span> <span class='ocrx_word' id='word_1_323' title='bbox 1101 3253 1150 3305; x_wconf 82' lang='lat' dir='ltr'>cito</span> <span class='ocrx_word' id='word_1_324' title='bbox 1159 3251 1267 3303; x_wconf 83' lang='lat' dir='ltr'>elabitur</span> 
     </span>
     <span class='ocr_line' id='line_1_34' title="bbox 217 3334 1267 3404; baseline -0.004 -14"><span class='ocrx_word' id='word_1_325' title='bbox 217 3336 266 3390; x_wconf 74' lang='lat' dir='ltr'>uis</span> <span class='ocrx_word' id='word_1_326' title='bbox 282 3335 397 3388; x_wconf 76' lang='lat' dir='ltr'>atroeun</span> <span class='ocrx_word' id='word_1_327' title='bbox 415 3346 441 3387; x_wconf 86' lang='lat' dir='ltr'>et</span> <span class='ocrx_word' id='word_1_328' title='bbox 454 3334 549 3401; x_wconf 86' lang='lat' dir='ltr'>lougius</span> <span class='ocrx_word' id='word_1_329' title='bbox 563 3335 665 3404; x_wconf 62' lang='lat' dir='ltr'>quesita</span> <span class='ocrx_word' id='word_1_330' title='bbox 675 3337 721 3403; x_wconf 90' lang='lat' dir='ltr'>sit,</span> <span class='ocrx_word' id='word_1_331' title='bbox 758 3349 786 3390; x_wconf 91' lang='lat' dir='ltr'>ot</span> <span class='ocrx_word' id='word_1_332' title='bbox 795 3338 833 3388; x_wconf 88' lang='lat' dir='ltr'>sui</span> <span class='ocrx_word' id='word_1_333' title='bbox 844 3335 949 3388; x_wconf 79' lang='lat' dir='ltr'>innobans</span> <span class='ocrx_word' id='word_1_334' title='bbox 959 3355 986 3389; x_wconf 89' lang='lat' dir='ltr'>ao</span> <span class='ocrx_word' id='word_1_335' title='bbox 995 3337 1050 3388; x_wconf 75' lang='lat' dir='ltr'>rite</span> <span class='ocrx_word' id='word_1_336' title='bbox 1061 3354 1131 3388; x_wconf 86' lang='lat' dir='ltr'>usum</span> <span class='ocrx_word' id='word_1_337' title='bbox 1142 3335 1215 3388; x_wconf 88' lang='lat' dir='ltr'>nobis</span> <span class='ocrx_word' id='word_1_338' title='bbox 1225 3335 1267 3386; x_wconf 92' lang='lat' dir='ltr'>in·</span> 
     </span>
     <span class='ocr_line' id='line_1_35' title="bbox 216 3417 1265 3492; baseline -0.005 -17"><span class='ocrx_word' id='word_1_339' title='bbox 216 3421 364 3474; x_wconf 82' lang='lat' dir='ltr'>seutentiam</span> <span class='ocrx_word' id='word_1_340' title='bbox 382 3419 448 3470; x_wconf 92' lang='lat' dir='ltr'>illam</span> <span class='ocrx_word' id='word_1_341' title='bbox 467 3418 597 3486; x_wconf 76' lang='lat' dir='ltr'>repudiare</span> <span class='ocrx_word' id='word_1_342' title='bbox 611 3435 661 3470; x_wconf 89' lang='lat' dir='ltr'>non</span> <span class='ocrx_word' id='word_1_343' title='bbox 672 3417 723 3470; x_wconf 86' lang='lat' dir='ltr'>du·</span> <span class='ocrx_word' id='word_1_344' title='bbox 758 3424 841 3476; x_wconf 78' lang='lat' dir='ltr'>ridere</span> <span class='ocrx_word' id='word_1_345' title='bbox 855 3422 976 3473; x_wconf 81' lang='lat' dir='ltr'>videatur.</span> <span class='ocrx_word' id='word_1_346' title='bbox 990 3453 1024 3461; x_wconf 86' lang='lat'>—</span> <span class='ocrx_word' id='word_1_347' title='bbox 1035 3421 1116 3492; x_wconf 80' lang='lat' dir='ltr'>Carpe</span> <span class='ocrx_word' id='word_1_348' title='bbox 1131 3420 1213 3480; x_wconf 81' lang='lat' dir='ltr'>diem,</span> <span class='ocrx_word' id='word_1_349' title='bbox 1231 3437 1265 3471; x_wconf 88' lang='lat' dir='ltr'>so.</span> 
     </span>
     <span class='ocr_line' id='line_1_36' title="bbox 219 3503 1267 3574; baseline -0.002 -18"><span class='ocrx_word' id='word_1_350' title='bbox 219 3506 306 3558; x_wconf 86' lang='lat' dir='ltr'>bitem.</span> <span class='ocrx_word' id='word_1_351' title='bbox 760 3507 914 3560; x_wconf 79' lang='lat' dir='ltr'>hodiernum.</span> <span class='ocrx_word' id='word_1_352' title='bbox 926 3505 1045 3556; x_wconf 73' lang='lat' dir='ltr'>Pruseoti</span> <span class='ocrx_word' id='word_1_353' title='bbox 1063 3505 1129 3574; x_wconf 86' lang='lat' dir='ltr'>quod</span> <span class='ocrx_word' id='word_1_354' title='bbox 1137 3503 1267 3555; x_wconf 76' lang='lat' dir='ltr'>vivendum</span> 
     </span>
    </p>

    <p class='ocr_par' dir='ltr' id='par_1_6' title="bbox 220 3588 1272 4085">
     <span class='ocr_line' id='line_1_37' title="bbox 257 3588 1269 3661; baseline -0.004 -19"><span class='ocrx_word' id='word_1_355' title='bbox 257 3602 282 3646; x_wconf 79' lang='lat' dir='ltr'>s.</span> <span class='ocrx_word' id='word_1_356' title='bbox 301 3589 499 3661; x_wconf 69' lang='lat' dir='ltr'>Septimum,</span> <span class='ocrx_word' id='word_1_357' title='bbox 513 3598 558 3640; x_wconf 84' lang='lat' dir='ltr'>ete.</span> <span class='ocrx_word' id='word_1_358' title='bbox 576 3605 724 3640; x_wconf 70' lang='lat' dir='ltr'>morumne</span> <span class='ocrx_word' id='word_1_359' title='bbox 760 3591 896 3644; x_wconf 83' lang='lat' dir='ltr'>tibidotum</span> <span class='ocrx_word' id='word_1_360' title='bbox 903 3599 950 3657; x_wconf 90' lang='lat' dir='ltr'>est,</span> <span class='ocrx_word' id='word_1_361' title='bbox 957 3600 1067 3659; x_wconf 85' lang='lat' dir='ltr'>tempore</span> <span class='ocrx_word' id='word_1_362' title='bbox 1074 3599 1153 3656; x_wconf 76' lang='lat' dir='ltr'>utere,</span> <span class='ocrx_word' id='word_1_363' title='bbox 1163 3588 1269 3639; x_wconf 76' lang='lat' dir='ltr'>insenum</span> 
     </span>
     <span class='ocr_line' id='line_1_38' title="bbox 220 3673 1269 3744; baseline -0.005 -14"><span class='ocrx_word' id='word_1_364' title='bbox 220 3675 296 3730; x_wconf 84' lang='lat' dir='ltr'>stulte</span> <span class='ocrx_word' id='word_1_365' title='bbox 307 3677 340 3730; x_wconf 88' lang='lat' dir='ltr'>de</span> <span class='ocrx_word' id='word_1_366' title='bbox 356 3677 412 3727; x_wconf 77' lang='lat' dir='ltr'>vitos</span> <span class='ocrx_word' id='word_1_367' title='bbox 426 3676 496 3726; x_wconf 80' lang='lat' dir='ltr'>exitu</span> <span class='ocrx_word' id='word_1_368' title='bbox 509 3673 654 3726; x_wconf 73' lang='lat' dir='ltr'>sciscitando</span> <span class='ocrx_word' id='word_1_369' title='bbox 668 3673 725 3723; x_wconf 91' lang='lat' dir='ltr'>ani·</span> <span class='ocrx_word' id='word_1_370' title='bbox 761 3677 858 3744; x_wconf 85' lang='lat' dir='ltr'>ejusne</span> <span class='ocrx_word' id='word_1_371' title='bbox 872 3675 987 3742; x_wconf 81' lang='lat' dir='ltr'>intercipi</span> <span class='ocrx_word' id='word_1_372' title='bbox 1001 3685 1075 3742; x_wconf 88' lang='lat' dir='ltr'>atque</span> <span class='ocrx_word' id='word_1_373' title='bbox 1087 3673 1153 3726; x_wconf 83' lang='lat' dir='ltr'>elabi</span> <span class='ocrx_word' id='word_1_374' title='bbox 1164 3675 1211 3726; x_wconf 87' lang='lat' dir='ltr'>tibi</span> <span class='ocrx_word' id='word_1_375' title='bbox 1222 3692 1269 3743; x_wconf 87' lang='lat' dir='ltr'>pa-</span> 
     </span>
     <span class='ocr_line' id='line_1_39' title="bbox 221 3755 1267 3829; baseline -0.003 -18"><span class='ocrx_word' id='word_1_376' title='bbox 221 3777 289 3813; x_wconf 84' lang='lat' dir='ltr'>mum</span> <span class='ocrx_word' id='word_1_377' title='bbox 296 3769 364 3812; x_wconf 87' lang='lat' dir='ltr'>tuum</span> <span class='ocrx_word' id='word_1_378' title='bbox 374 3774 480 3810; x_wconf 80' lang='lat' dir='ltr'>maneres</span> <span class='ocrx_word' id='word_1_379' title='bbox 488 3777 495 3822; x_wconf 78' lang='lat'><em>3</em></span> <span class='ocrx_word' id='word_1_380' title='bbox 503 3757 573 3825; x_wconf 67' lang='lat' dir='ltr'>quin,</span> <span class='ocrx_word' id='word_1_381' title='bbox 584 3757 726 3824; x_wconf 83' lang='lat' dir='ltr'>eogitansde</span> <span class='ocrx_word' id='word_1_382' title='bbox 762 3760 832 3810; x_wconf 80' lang='lat' dir='ltr'>tiore.</span> <span class='ocrx_word' id='word_1_383' title='bbox 840 3787 875 3796; x_wconf 84' lang='lat'>--</span> <span class='ocrx_word' id='word_1_384' title='bbox 882 3771 960 3829; x_wconf 80' lang='lat' dir='ltr'>quom</span> <span class='ocrx_word' id='word_1_385' title='bbox 970 3757 1067 3809; x_wconf 74' lang='lat' dir='ltr'>mritim.</span> <span class='ocrx_word' id='word_1_386' title='bbox 1081 3755 1150 3810; x_wconf 76' lang='lat' dir='ltr'>cred.</span> <span class='ocrx_word' id='word_1_387' title='bbox 1160 3771 1267 3828; x_wconf 78' lang='lat' dir='ltr'>postero,</span> 
     </span>
     <span class='ocr_line' id='line_1_40' title="bbox 222 3829 1269 3913; baseline -0.001 -17"><span class='ocrx_word' id='word_1_388' title='bbox 222 3845 279 3898; x_wconf 70' lang='lat' dir='ltr'>rita</span> <span class='ocrx_word' id='word_1_389' title='bbox 289 3845 408 3898; x_wconf 77' lang='lat' dir='ltr'>brevitate</span> <span class='ocrx_word' id='word_1_390' title='bbox 416 3853 442 3894; x_wconf 87' lang='lat' dir='ltr'>et</span> <span class='ocrx_word' id='word_1_391' title='bbox 450 3843 564 3909; x_wconf 82' lang='lat' dir='ltr'>fugientis</span> <span class='ocrx_word' id='word_1_392' title='bbox 571 3829 649 3894; x_wconf 75' lang='lat' dir='ltr'>etatis</span> <span class='ocrx_word' id='word_1_393' title='bbox 659 3842 725 3894; x_wconf 84' lang='lat' dir='ltr'>relo-</span> <span class='ocrx_word' id='word_1_394' title='bbox 761 3861 846 3913; x_wconf 83' lang='lat' dir='ltr'>parum</span> <span class='ocrx_word' id='word_1_395' title='bbox 866 3843 960 3895; x_wconf 77' lang='lat' dir='ltr'>llduciu</span> <span class='ocrx_word' id='word_1_396' title='bbox 979 3843 1096 3895; x_wconf 77' lang='lat' dir='ltr'>collocans</span> <span class='ocrx_word' id='word_1_397' title='bbox 1115 3843 1140 3894; x_wconf 90' lang='lat' dir='ltr'>in</span> <span class='ocrx_word' id='word_1_398' title='bbox 1160 3853 1269 3913; x_wconf 88' lang='lat' dir='ltr'>postero,</span> 
     </span>
     <span class='ocr_line' id='line_1_41' title="bbox 222 3927 1272 3998; baseline -0.006 -18"><span class='ocrx_word' id='word_1_399' title='bbox 222 3931 310 3996; x_wconf 77' lang='lat' dir='ltr'>ritate,</span> <span class='ocrx_word' id='word_1_400' title='bbox 319 3930 424 3998; x_wconf 75' lang='lat' dir='ltr'>vinoque</span> <span class='ocrx_word' id='word_1_401' title='bbox 443 3927 588 3994; x_wconf 81' lang='lat' dir='ltr'>indulgeas,</span> <span class='ocrx_word' id='word_1_402' title='bbox 600 3929 725 3997; x_wconf 83' lang='lat' dir='ltr'>sapienter</span> <span class='ocrx_word' id='word_1_403' title='bbox 760 3928 875 3993; x_wconf 86' lang='lat' dir='ltr'>crastino,</span> <span class='ocrx_word' id='word_1_404' title='bbox 883 3943 958 3996; x_wconf 91' lang='lat' dir='ltr'>quum</span> <span class='ocrx_word' id='word_1_405' title='bbox 968 3927 1097 3980; x_wconf 85' lang='lat' dir='ltr'>admodum</span> <span class='ocrx_word' id='word_1_406' title='bbox 1109 3927 1229 3980; x_wconf 82' lang='lat' dir='ltr'>incertum</span> <span class='ocrx_word' id='word_1_407' title='bbox 1239 3927 1272 3978; x_wconf 85' lang='lat' dir='ltr'>sit</span> 
     </span>
     <span class='ocr_line' id='line_1_42' title="bbox 223 4009 994 4085; baseline -0.005 -23"><span class='ocrx_word' id='word_1_408' title='bbox 223 4013 349 4085; x_wconf 75' lang='lat' dir='ltr'>praesentis</span> <span class='ocrx_word' id='word_1_409' title='bbox 357 4013 412 4066; x_wconf 72' lang='lat' dir='ltr'>rite</span> <span class='ocrx_word' id='word_1_410' title='bbox 422 4014 514 4065; x_wconf 75' lang='lat' dir='ltr'>fruetus</span> <span class='ocrx_word' id='word_1_411' title='bbox 523 4029 602 4084; x_wconf 79' lang='lat' dir='ltr'>carpe.</span> <span class='ocrx_word' id='word_1_412' title='bbox 613 4043 648 4054; x_wconf 92' lang='lat'><em>-</em></span> <span class='ocrx_word' id='word_1_413' title='bbox 661 4013 724 4064; x_wconf 84' lang='lat' dir='ltr'>vino</span> <span class='ocrx_word' id='word_1_414' title='bbox 761 4028 791 4064; x_wconf 86' lang='lat' dir='ltr'>ou</span> <span class='ocrx_word' id='word_1_415' title='bbox 802 4011 908 4063; x_wconf 83' lang='lat' dir='ltr'>crastino</span> <span class='ocrx_word' id='word_1_416' title='bbox 918 4009 994 4060; x_wconf 78' lang='lat' dir='ltr'>viras.</span> 
     </span>
    </p>
   </div>
   <div class='ocr_carea' id='block_1_6' title="bbox 0 0 1452 4546">
    <p class='ocr_par' dir='ltr' id='par_1_7' title="bbox 0 0 1452 4546">
     <span class='ocr_line' id='line_1_43' title="bbox 0 0 1452 4546; baseline 0 0"><span class='ocrx_word' id='word_1_417' title='bbox 0 0 1452 4546; x_wconf 95' lang='lat' dir='ltr'> </span> 
     </span>
    </p>
   </div>
  </div>
 </body>
</html>
