2892 4558
269 343 341 418 500
548 343 592 434 Q.
619 337 825 416 nottsttt
851 347 1030 416 FLACCI

304 489 433 538 Arsurum.
450 484 491 538 Ad
503 487 620 554 probrose
635 483 678 538 ills
692 487 815 550 carmine,
826 485 917 555 quibru
925 483 1063 538 vetularum
1072 501 1167 540 umores
1176 489 1314 556 petulanter
1423 465 1424 502 t

266 572 384 626 Horatius
398 571 529 626 iueeotetuu
540 582 587 638 est,
597 573 707 640 pertinet
718 571 832 640 inprimis
839 571 895 638 hoo,
904 571 971 642 quod
981 571 1007 624 in
1016 571 1078 624 anili
1087 571 1198 626 emitte
1207 575 1313 629 libidine

265 660 417 742 Qffemnude
424 673 542 714 versatur.
552 661 575 712 E
585 659 680 728 multis,
689 677 750 730 quos
760 659 895 712 insolenter
903 659 962 712 olim
973 667 1089 712 ιιιοιιιιι
1097 662 1312 731 rideturCenidin‚

266 747 426 810 enumribus,
438 765 501 798 unus
512 756 617 809 tentum,
627 756 656 798 nt
665 758 735 816 poete
746 755 839 808 narrat,
850 746 874 798 ei
884 743 984 798 relietus
993 745 1085 810 fueret,
1094 747 1212 801 ridiculus
1220 750 1312 806 scilieet

264 833 365 904 quidun
375 833 551 892 senerVoms,
563 843 589 884 et
600 833 640 884 hio
650 833 703 902 ipse
714 832 762 885 elis
773 829 847 884 simul
857 839 936 884 soorte
945 839 1048 884 seeum.
1057 829 1144 885 Abhis
1153 835 1310 904 igiturqumn

265 921 319 990 ejus
330 921 438 972 animum
453 935 503 971 non
515 928 624 970 evertere
634 929 715 987 posset
725 917 818 984 some,
829 933 902 986 quum
912 925 971 968 etns
982 915 1130 981 abstulerat,
1138 917 1269 986 lenocinio,
1279 923 1310 973 ed

266 1017 343 1059 urtem
352 1005 533 1074 nursiamque
541 1003 565 1056 ei
574 1003 624 1054 rim
635 1003 734 1066 feneret,
740 1002 872 1070 onningere
880 1001 986 1054 debebo
994 1001 1098 1056 libidine
1105 1004 1189 1056 furens
1195 1005 1309 1058 Cnmdrs

266 1093 347 1158 lliuo,
358 1092 409 1145 sire
424 1093 470 1144 iste
483 1108 497 1142 ιι
511 1089 682 1158 superstitiose
693 1086 765 1158 plebe
774 1105 832 1140 rere
843 1105 888 1160 pso
898 1091 1005 1142 reueiior
1013 1089 1114 1163 lubitu,
1124 1091 1188 1156 sire,
1198 1108 1252 1162 que
1264 1093 1310 1146 hoe

266 1183 365 1236 nomine
374 1181 529 1246 differretur,
537 1179 609 1245 digua
621 1189 699 1248 poete
710 1179 761 1230 visu
773 1178 859 1240 luerit,
873 1178 988 1240 nefande,
997 1194 1052 1247 qun
1064 1179 1157 1231 furiose
1166 1197 1228 1232 enus
1236 1181 1268 1232 ed
1279 1181 1311 1232 li-

266 1267 374 1321 bidinosi
390 1265 456 1320 senis
472 1265 581 1319 enimutu
598 1265 648 1316 sibi
664 1264 710 1317 uni
724 1263 911 1316 derinoiendum
925 1264 1113 1333 perpetraverit,
1125 1275 1271 1318 enarrantur
1281 1267 1310 1319 in

265 1353 427 1406 lroocurmiue
436 1352 535 1404 eoelere.
550 1351 580 1402 ln
594 1350 685 1420 quibus
693 1365 769 1420 quum
778 1365 855 1401 uuum
868 1349 990 1418 precipue
997 1349 1124 1401 etmoitrte
1134 1361 1309 1420 supereretoe·

265 1441 423 1508 remonuit,
438 1438 588 1492 horrendum
601 1455 689 1508 nempe
704 1438 767 1492 illud
777 1437 982 1507 eonsilium,quo
996 1437 1044 1490 istu
1060 1453 1091 1490 ex
1103 1439 1174 1507 pueri
1190 1441 1308 1506 ingenui,

265 1527 330 1578 ieme
342 1525 437 1592 enecti,
449 1523 556 1576 medulla
569 1534 596 1576 et
604 1525 685 1591 jecore
695 1524 888 1576 effieroissimnm
899 1523 1019 1591 philtrum
1029 1525 1146 1576 ooniioere
1156 1525 1291 1578 instituerit
1300 1543 1308 1591 ς

267 1611 340 1678 nujus
353 1610 426 1664 totius
436 1608 472 1662 rei
483 1624 578 1660 mem
592 1609 617 1660 in
628 1609 674 1661 hoo
682 1610 790 1662 cermiuo
802 1617 974 1677 representat,
990 1619 1015 1660 et
1029 1607 1157 1661 Genidiern
1173 1627 1240 1663 secra
1253 1627 1309 1662 mu·

265 1698 317 1762 pios
326 1711 380 1747 cum
391 1695 470 1747 tribus
479 1694 535 1748 eliis
543 1695 704 1761 sdministris,
717 1695 819 1762 Sepone,
829 1694 894 1748 Veis
905 1705 930 1746 et
939 1694 1020 1761 Folia,
1029 1695 1189 1748 edoruuntem
1199 1697 1306 1748 inducit:

267 1783 335 1834 sdest
342 1797 411 1849 puer,
420 1791 528 1852 etquum
538 1781 629 1834 melun
637 1779 687 1832 eibi
695 1779 822 1833 eCsnidis
832 1781 914 1850 peruri
921 1781 1021 1833 extrusi
1028 1781 1081 1848 ejus
1089 1781 1233 1834 insedeflro
1240 1782 1309 1835 uultu

265 1867 456 1931 animadvertit,
472 1883 541 1930 esst,
557 1875 585 1920 ut
603 1865 652 1919 sibi
668 1877 766 1936 psmet,
782 1883 827 1936 per
841 1883 926 1919 omnes
939 1867 998 1920 dous
1014 1876 1080 1932 roget
1092 1867 1251 1937 etobseorut3
1265 1869 1309 1921 sed

267 1952 373 2007 irustnl
385 1953 490 2007 Canidia
500 1954 615 2007 miserum
627 1969 745 2024 puerum,
756 1962 873 2023 praetexu
886 1955 910 2006 ei
921 1953 1022 2021 derepta
1031 1989 1038 2020 ,
1047 1951 1169 2017 denudet,
1179 1971 1246 2006 erere
1255 1971 1309 2007 rnu-

265 2041 318 2110 pice
330 2052 445 2110 rppernt,
454 2053 480 2096 et
489 2042 570 2104 serie,
579 2057 634 2110 qun
644 2041 675 2093 iis
685 2041 799 2094 sdhiberi
812 2041 939 2106 solebant,
952 2039 1049 2094 eooeudi
1059 2041 1139 2108 jubet.
1156 2039 1249 2108 Sogane
1260 2041 1308 2093 do-

267 2143 335 2180 mum
347 2127 435 2181 lustrat
442 2163 451 2193 ,
459 2137 486 2180 et
493 2127 560 2179 Veis
568 2125 676 2179 scrobem
685 2125 788 2189 effodit,
798 2143 847 2196 quo
854 2143 923 2195 puer,
933 2125 965 2176 ud
976 2133 1086 2178 neutum
1096 2142 1173 2195 usque
1183 2127 1216 2178 its
1228 2125 1307 2178 iulos-

265 2231 323 2281 sus,
334 2224 363 2266 ut
375 2216 498 2284 oppositus
512 2213 586 2282 depes
600 2212 683 2264 ridere
696 2213 811 2282 quidem,
828 2229 874 2265 neo
889 2222 971 2264 temen
982 2227 1023 2264 ees
1037 2211 1157 2277 attingere
1171 2220 1264 2280 posset,
1280 2215 1306 2263 in

267 2300 354 2368 philtri
369 2299 486 2354 miscendi
498 2314 569 2350 usum
580 2298 644 2350 inme
656 2307 749 2367 pereet.
767 2297 820 2352 Neo
829 2298 899 2351 deest
908 2298 966 2350 huie
974 2313 1096 2350 sacrorum
1106 2299 1252 2364 mugioorum
1262 2297 1309 2349 ud·

226 2419 232 2430 ,
266 2387 443 2440 ministrationi
463 2386 551 2448 rotie,
572 2385 662 2436 lemme
681 2385 773 2452 puriter
791 2395 842 2437 tum
863 2383 977 2454 temporie
996 2385 1110 2437 venefica.
1127 2383 1189 2436 Mox
1204 2384 1308 2452 anidie

266 2472 388 2524 horrendo
396 2472 505 2523 cnrmine
516 2485 597 2521 rerum
612 2468 758 2534 magicarum
771 2472 887 2538 numius,
900 2470 1003 2523 Noctem
1016 2469 1173 2536 mnemon,
1185 2471 1307 2540 appellnt,

265 2571 364 2624 essque,
375 2554 507 2606 uillarum
516 2553 565 2605 sibi
577 2553 705 2616 adducent,
717 2565 837 2623 precetur.
849 2554 905 2621 Quo
916 2571 964 2607 uon
976 2555 1101 2619 veniente,
1113 2552 1257 2620 indignatur
1265 2555 1307 2607 illu

266 2640 298 2692 de
309 2655 370 2690 reno
382 2633 556 2691 iuoentrtionis
571 2651 620 2690 euru
634 2649 740 2702 eventu,
757 2651 783 2692 et
797 2641 957 2693 eiiceriorem
976 2641 1046 2692 istum
1063 2657 1093 2692 ex
1109 2641 1180 2707 pueri
1191 2641 1274 2708 jooore
1283 2651 1308 2692 et

266 2723 373 2776 modulis
381 2723 565 2793 eompurendern
575 2723 697 2795 potionem
707 2725 824 2779 minatur.
835 2726 901 2779 Puer
912 2727 1021 2793 interim,
1029 2725 1097 2778 nulle
1104 2727 1141 2778 sui
1151 2727 1308 2780 miseratione

265 2811 386 2863 veneficus
402 2813 468 2878 lengi
483 2813 610 2876 sentiens,
627 2813 694 2867 disus
710 2813 824 2866 veneficis
840 2815 895 2866 istis
913 2815 1073 2883 imprimetur,
1087 2829 1148 2883 quus
1166 2813 1219 2882 ipse
1236 2823 1308 2882 poete

264 2895 375 2950 Canidius
385 2897 412 2950 in
424 2899 470 2952 hoo
480 2899 587 2952 ourmine
599 2900 775 2968 imprecatum
783 2910 845 2952 eret.

302 2983 340 3039 De
352 2986 426 3036 suoris
438 2985 536 3052 musicis
546 2985 688 3038 consulendi
700 2995 772 3051 suut,
782 2985 942 3053 Theocritus,
957 2985 1021 3056 ldyl.
1035 2985 1080 3054 113
1092 2985 1231 3052 ¹Virgilius,
1249 2986 1305 3040 Ed.

269 3071 353 3139 vm,
366 3083 391 3124 et
404 3071 462 3124 AEn.
475 3069 523 3134 IV,
541 3083 592 3124 tot
608 3082 633 3124 et
648 3090 716 3142 seqq.
735 3071 895 3142 Propertius,
911 3059 952 3124 in
962 3108 970 3135 ,
982 3071 1051 3140 Eleg.
1063 3083 1094 3137 ιι,
1107 3091 1130 3124 r.
1146 3083 1180 3125 ιτ
1195 3083 1220 3125 et
1235 3091 1304 3148 seqq,

268 3159 402 3224 Tibullus,
418 3157 531 3227 I,Eleg.
544 3170 575 3224 Ι,
588 3178 611 3210 r.
627 3171 660 3212 te
673 3169 697 3212 et
709 3175 777 3230 seqq.
794 3157 913 3227 Ovidius,
929 3159 1187 3224 Meum.v111‚rsr
1200 3171 1226 3214 et
1235 3181 1304 3236 seqq.

268 3247 358 3300 Senoce
374 3247 451 3314 Trng.
470 3249 496 3302 iu
513 3247 619 3316 Medon,
638 3258 684 3300 sot.
705 3246 756 3314 tv,
773 3249 885 3300 Lnoeuus
903 3249 928 3300 in
944 3247 1032 3300 Pluere.
1050 3247 1107 3312 vt,
1123 3259 1172 3302 eet
1193 3259 1220 3302 et
1233 3269 1304 3323 seqq.

268 3332 405 3402 Apuleius,
422 3333 525 3388 liletsrn.
543 3333 598 3400 111,
613 3349 667 3404 cup.
684 3344 717 3387 eu
730 3343 755 3387 et
770 3331 838 3406 s'eqq.
851 3333 960 3406 denique
973 3334 1121 3404 noeteripse
1132 3333 1306 3407 demumst,

266 3419 343 3474 satir.
359 3431 384 3471 ιι.
400 3417 448 3470 En.
