2986 4554
271 346 342 442 ³96
555 348 598 436 Q.
624 349 830 418 nonsrn
855 351 1029 422 rursum

367 477 525 560 Romane
541 486 663 558 fidicen
678 487 776 582 lyrae:

416 605 516 696 Quod
528 607 619 700 spiro
630 621 667 676 et
675 605 805 699 placeo,
818 607 846 676 si
857 606 988 700 placeo,
1001 623 1096 680 tuum
1107 623 1174 680 est„

270 835 318 874 sou
330 817 447 870 exstinxit
455 818 527 870 arbos
536 855 542 880 ‚
552 835 597 870 neo
608 817 688 870 Sicula
704 818 771 870 Pali·
806 829 831 870 et
838 835 869 870 ex
878 827 964 870 natura
972 819 1073 872 humaui
1083 821 1244 892 suimbqurm
1254 841 1315 878 raro

270 917 345 952 nurus
362 899 436 952 unda.
449 921 462 948 o
482 899 622 969 Erplloabis
638 903 728 970 etiam,
749 905 769 954 sl
806 909 912 978 aooidut,
929 917 956 960 ut
975 910 1132 978 praecellentis
1151 911 1241 981 ingenii
1259 909 1309 960 riri

269 985 336 1048 velis,
345 1001 400 1036 oum
412 985 553 1038 Sansdoue:
566 1005 580 1031 s
589 985 660 1052 Quod
669 989 737 1056 spiro
745 999 770 1038 et
805 992 900 1044 meritis
910 992 1044 1044 bonoribus
1056 1003 1082 1044 et
1088 993 1173 1044 debita
1182 993 1252 1046 trude
1257 995 1307 1045 riri

270 1067 365 1137 pleoeo,
375 1067 544 1136 quodspiraus
554 1069 645 1138 plausu,
656 1070 721 1140 qnod
733 1073 769 1123 ri·
806 1074 928 1130 fruantur.
945 1105 980 1116 -
998 1077 1023 1128 εἰ
1032 1077 1135 1146 placeo,
1154 1086 1212 1130 uota
1230 1086 1308 1144 poetar

269 1153 411 1220 rusadbuo,
428 1163 507 1204 tumen
517 1152 606 1222 placeo.
620 1174 633 1202 u
647 1153 770 1206 Omnibus
806 1159 948 1212 modestiam
956 1157 995 1212 bis
1003 1159 1084 1211 verbis
1093 1159 1252 1228 pmoedeusis
1258 1175 1309 1210 uon

270 1237 359 1290 scilioet
367 1247 451 1291 notum
461 1247 486 1290 et
494 1255 523 1290 er
533 1238 643 1291 historie
652 1239 770 1308 exemplis
807 1240 915 1307 rigentis.

303 1561 433 1614 Armua.
453 1563 535 1614 Postu
545 1564 661 1630 noriam,
675 1583 725 1635 qua
735 1566 802 1618 nulla
811 1565 953 1620 bominilius
962 1565 1101 1630 ooutingsre
1110 1563 1186 1631 possit
1195 1562 1306 1628 maJoret

271 1651 399 1717 insignior,
418 1652 443 1703 in
462 1651 507 1705 boo
521 1653 628 1706 oermiue
645 1655 754 1723 puriter,
770 1673 797 1708 ae
810 1673 877 1725 supr.
889 1655 941 1719 111,
956 1665 1005 1719 ³⁰3
1019 1653 1057 1716 ll,
1070 1662 1119 1719 ¹⁰3
1139 1659 1164 1702 et
1178 1651 1202 1714 l,
1218 1661 1243 1712 t,
1255 1651 1303 1702 sibi

276 1737 383 1790 vindims
397 1736 522 1804 Horatius,
533 1740 575 1792 sed
590 1741 631 1803 its,
641 1751 668 1792 ut
676 1757 804 1807 generosus
814 1742 866 1806 ille,
876 1759 925 1810 qno
936 1741 1050 1793 sertioetn
1065 1737 1170 1801 extollit,
1182 1736 1305 1788 animosa

271 1820 359 1874 stolida
368 1825 481 1892 superbio
491 1827 525 1877 sit
533 1825 705 1878 alienissimus.
716 1825 821 1880 Omnem
830 1829 900 1880 euim
907 1827 976 1878 illurn
985 1827 1112 1888 honorem,
1123 1839 1172 1892 quo
1180 1831 1303 1890 posumus

272 1907 345 1959 ebor-o
359 1909 465 1961 insertus
476 1911 552 1964 multo
563 1914 676 1980 majores
687 1913 776 1983 populo
784 1913 893 1966 Romsno
905 1913 1060 1965 veneratione
1069 1909 1221 1977 suspiciatur,
1231 1923 1303 1975 quam

52 2047 62 2072 ο
163 2007 166 2015 ’
271 1993 293 2044 si
303 1995 427 2048 riotoriam
437 1997 475 2049 rel
491 1999 580 2074 eludis
595 2001 679 2068 moris,
687 2001 840 2065 relebello,
852 1997 973 2064 retulerit,
984 2016 1032 2052 non
1045 1993 1303 2060 sibtmdntunmm,

269 2097 325 2149 ques
335 2081 383 2133 sibi
395 2086 503 2136 nesoeuti
519 2087 660 2154 arriserint,
677 2097 801 2156 aooeptum
815 2088 891 2139 refert
906 2084 1032 2138 beneficio.
1046 2083 1220 2150 Melpomeueu
1231 2079 1305 2144 igitur

269 2183 300 2218 ox
310 2167 375 2232 illis,
386 2179 414 2222 ut
424 2169 504 2240 lyrioso
513 2188 611 2239 poem
622 2174 766 2242 presidem,
781 2172 807 2224 iu
819 2174 865 2224 hoo
875 2171 983 2225 earmiue
994 2167 1115 2238 appellat3
1131 2167 1217 2236 eique,
1227 2165 1302 2228 dum,

208 2263 214 2272 '
274 2255 360 2323 «quod
373 2255 458 2323 spiret,
471 2267 496 2310 et
505 2256 607 2324 placeat,
618 2258 639 2308 si
652 2257 753 2326 placeat,
766 2257 791 2308 id
803 2265 880 2309 totum
891 2258 944 2324 ejus
956 2254 1064 2308 muneris
1077 2267 1153 2304 esse»
1166 2249 1303 2319 profitetur.

267 2339 430 2402 gratissimum
440 2341 516 2391 animi
526 2357 621 2392 sensum
631 2340 783 2392 declarat.-
790 2340 819 2393 Si
828 2357 932 2410 quaeras,
943 2339 1003 2409 quid
1014 2337 1075 2390 tttud
1085 2335 1127 2398 sit,
1138 2333 1204 2404 quod
1212 2341 1304 2386 nuum

269 2425 364 2476 laudem
382 2435 407 2476 et
425 2427 607 2480 admirationem
624 2427 682 2479 bulo
692 2429 795 2481 osrmini
809 2430 873 2497 spud
884 2443 968 2481 omnes
977 2424 1156 2486 emollissent,
1169 2423 1193 2473 id
1204 2437 1218 2472 s
1228 2437 1303 2490 gene-

269 2513 390 2580 roso,qui
405 2512 430 2563 in
443 2522 493 2566 toto
507 2513 553 2564 hoc
565 2513 673 2566 osrmlne
684 2523 783 2583 regnat,
797 2515 885 2582 spiritu
902 2523 927 2566 et
938 2511 1039 2565 amsbili
1048 2521 1124 2581 poete
1132 2507 1249 2561 modestis
1261 2508 1303 2559 in·

269 2598 355 2668 primis
365 2601 521 2668 repetendum
530 2619 592 2664 esse,
605 2603 657 2670 ipse
667 2603 737 2655 facile
744 2603 844 2656 senties.
857 2603 945 2655 Demto
955 2601 1021 2654 enim
1034 2597 1160 2652 sententie
1171 2597 1302 2660 involucro,

270 2697 370 2750 nature,
383 2689 451 2756 oujus
463 2689 607 2756 benignitati
621 2691 711 2758 ingenii
723 2691 762 2742 sui
774 2689 910 2744 inunitatem
920 2690 1028 2758 adeoque
1038 2705 1134 2739 omnem
1144 2702 1211 2737 suam
1224 2683 1304 2737 felici-

270 2783 341 2825 tatem
353 2773 449 2841 debeat,
459 2786 529 2844 poeta
541 2778 567 2829 in
580 2779 625 2830 boo
637 2778 744 2832 carmine
753 2777 842 2844 gratias
854 2777 912 2844 agit.
926 2775 1009 2828 Facile
1018 2774 1092 2826 etiam
1102 2773 1205 2842 quisque
1215 2773 1305 2826 sentiet

268 2856 395 2926 exquisitas
406 2859 515 2911 aodootre
529 2861 664 2928 argumenti
675 2862 812 2914 tractationi
827 2863 921 2914 doctum
936 2860 1047 2913 aooedere
1061 2875 1089 2911 no
1103 2857 1205 2908 nitidam
1220 2856 1302 2910 elom

269 2943 376 3008 tionem,
393 2961 596 3014 numerorumque
606 2945 773 2999 admirabilem
785 2947 943 3014 suseitatem3
960 2955 989 2997 ut
997 2942 1097 2997 omuino
1109 2941 1154 2994 hoc
1163 2957 1259 2993 cannen
1276 2941 1301 2992 iu

267 3031 506 3084 consummatissimis
516 3033 670 3103 antiquitatis
681 3033 797 3102 operibus
808 3033 899 3086 habere
912 3033 948 3084 las
961 3031 1001 3083 sit.
1017 3028 1089 3080 Unde
1098 3026 1179 3079 Julius
1188 3023 1303 3094 Scaliger,

269 3121 433 3174 seuerissimus
440 3119 536 3174 Horatii
544 3122 628 3190 judex,
640 3121 700 3176 illud
711 3121 832 3178 invenisse
845 3119 917 3174 mslle
928 3119 1017 3184 aiebat,
1027 3133 1100 3187 quam
1110 3113 1198 3168 solium
1207 3113 1304 3181 drago·

270 3208 317 3260 nias
328 3208 447 3261 obtinere.
462 3205 508 3260 En.
