2990 4556
473 396 565 464 LlB.
592 393 934 482 11,cttt1tt.xl1.
1038 480 1041 487 ¹
1159 390 1226 460 213

272 566 274 570 ·
287 539 354 605 Aut
366 533 499 628 pinguis
512 531 665 627 Pbrygiae
678 530 876 626 Mygdonias
891 555 985 624 opes,

286 654 482 720 permutare
497 645 576 718 velis
591 648 684 716 crine
699 647 893 740 Licymniae,

477 764 594 835 Plenas
608 779 667 834 aut
677 762 827 835 Arabum
841 762 973 848 domos,

285 890 376 957 Dum
387 883 562 979 flagrantia
574 881 750 974 detorquet
763 877 805 948 ad
822 877 932 952 oscula
1063 849 1069 860 δ

288 1003 475 1090 Cervicem;
488 1016 545 1071 aut
556 997 646 1071 facili
659 998 781 1068 saevitia
796 1010 911 1092 negat,

288 1123 370 1212 Quae
384 1135 540 1215 poscente
554 1117 660 1213 magis
673 1114 819 1212 gaudeat¹
828 1112 929 1206 eripi,

479 1234 652 1308 Interdum
669 1257 787 1328 rapere
801 1229 964 1324 occupet?
1001 1274 1006 1288 ·

192 1479 247 1514 rain
265 1477 324 1528 rex,
343 1464 369 1514 in
390 1461 527 1514 universum
547 1479 591 1530 pro
609 1475 691 1528 regum
725 1457 772 1512 silc
788 1472 815 1508 se
832 1454 897 1506 vinci
916 1452 1037 1522 patiente,
1054 1446 1173 1500 simulate.
1192 1473 1227 1486 υ-

191 1543 319 1596 Persarum
329 1543 581 1614 opulentis-Prisg.
591 1541 689 1614 Pbryg.
726 1539 791 1606 Quae
798 1547 916 1608 poscente
925 1535 1021 1604 magis,
1039 1539 1085 1584 etc.
1096 1529 1176 1595 Negat
1186 1543 1228 1578 os-

192 1625 345 1698 Mygdum
361 1646 436 1700 opes,
453 1630 480 1682 b.
499 1645 522 1680 c.
542 1645 616 1698 opes,
632 1644 691 1698 qum
725 1619 797 1684 culs,
812 1636 866 1689 qnae
879 1617 929 1670 sibi
941 1617 1004 1684 eripi
1016 1614 1093 1682 magis
1109 1611 1226 1680 gandeat,

191 1708 324 1780 Mygdones
339 1713 466 1780 inopinis
478 1712 589 1781 Phrygio
601 1711 691 1778 campis
725 1720 799 1773 quana
815 1703 858 1756 ille
870 1697 1078 1770 [ncmpcamansl
1094 1697 1137 1766 qui
1147 1694 1228 1748 acula

192 1793 323 1861 possident.
332 1791 482 1863 Mygdonss,
492 1795 606 1863 antiquus
614 1793 693 1844 ‘lbra-
728 1789 812 1857 poscit.
826 1785 877 1838 Atii
888 1787 922 1837 ita
932 1785 1054 1853 explicant
1066 1800 1071 1833 :
1083 1781 1143 1848 Qun
1155 1778 1230 1848 nagia

191 1877 237 1926 cicc
248 1875 359 1944 populus,
370 1876 414 1944 qui
424 1875 535 1945 Phrygis!
547 1885 641 1943 purten
650 1891 692 1928 oc-
721 1859 829 1938 ¹gasndeat
841 1870 904 1938 eripi
920 1885 935 1920 a
950 1877 1074 1936 poscente,
1089 1881 1162 1934 quam
1178 1880 1192 1914 a
1204 1878 1231 1913 se

191 1957 574 2029 caparitildseptetntrionalem
582 1959 693 2028 Pbrygiae
731 1955 782 2022 ipsa
798 1953 905 2007 concedi.
923 1951 984 2018 Ques
1003 1951 1131 2018 explicatio
1146 1947 1230 1998 codena

96 2039 98 2044 ¹
192 2041 694 2110 daganttygdonescottocatsuabo,x11,
730 2039 806 2089 ieme
825 2037 906 2098 redit,
924 2051 968 2086 nec
981 2032 1111 2101 rejicienda
1124 2029 1185 2081 mibi
1195 2029 1230 2079 ri-

192 2143 217 2196 p.
232 2139 278 2180 set
287 2167 292 2178 .
302 2127 491 2180 *remutare
500 2127 646 2196 cnirsopes,
657 2141 695 2177 ex·
728 2121 810 2174 detur.
821 2148 856 2160 -
864 2115 996 2170 Interdum
1008 2131 1096 2187 rupere
1107 2123 1229 2182 occupet,

191 2211 319 2280 quisitiore
328 2213 423 2264 ratione
432 2211 576 2279 provulgari
588 2211 692 2264 :crinem
729 2202 798 2271 prior
808 2201 887 2270 rapiat
896 2198 985 2265 oscula,
993 2198 1114 2252 osculetur
1123 2211 1168 2247 nco
1174 2210 1233 2262 pos-

191 2305 329 2363 pernutm
338 2295 437 2365 opibus,
447 2293 485 2346 sel
493 2310 547 2346 cum
559 2291 693 2362 opibus.-
727 2295 832 2338 centem.
841 2284 922 2336 Plaut.
932 2283 1010 2335 Stich.
1019 2283 1042 2349 1,
1051 2293 1077 2348 x,
1088 2291 1120 2333 ts
1130 2297 1137 2329 :
1147 2297 1161 2326 «
1168 2279 1232 2330 serre

192 2378 254 2432 Cum
273 2381 373 2432 Horatio
391 2378 431 2430 Cl.
450 2376 552 2429 Mbscls.
572 2385 696 2445 comparat
728 2371 855 2422 adversm
871 2366 995 2420 bominem
1007 2377 1151 2430 occupemus
1161 2376 1232 2412 oscu-

192 2460 286 2512 Pallad.
296 2461 381 2529 Epigr.
393 2461 416 2525 Ι,
426 2476 449 2511 s.
464 2471 477 2510 t
493 2475 560 2528 seqq.
571 2458 598 2509 in
612 2453 691 2510 Antb.
728 2450 788 2507 lum,
799 2448 888 2502 »Nota
899 2457 989 2517 quanta
1001 2446 1108 2498 colorum
1117 2443 1231 2504 veritate,

193 2542 274 2597 Gracc.
287 2554 305 2595 t.
313 2544 364 2608 111,
373 2561 398 2612 p.
409 2539 603 2594 stt-Plenas
610 2537 691 2589 Δηώ.
728 2542 818 2602 quanta
835 2532 1006 2606 descriptionis
1027 2529 1143 2582 leticiae
1162 2541 1232 2578 ana-

194 2623 658 2691 domosinsetttgeabearasputsupr.
671 2617 694 2682 1,
729 2617 816 2669 teriam
839 2623 916 2666 artem
937 2614 1053 2665 Horatius
1075 2607 1230 2677 expresserit.

196 2709 361 2776 xe,s,}10r.
376 2707 492 2776 loquitar,
507 2700 695 2770 «Arabumga-
729 2696 770 2750 Ad
780 2699 808 2750 b.
821 2698 840 2748 l.
854 2696 918 2748 imit.
930 2695 1041 2747 Gallicus
1049 2703 1121 2762 poeta
1129 2691 1232 2755 Bolaens,
1345 2725 1348 2732 .

194 2810 270 2846 sas.»
285 2793 348 2845 Inlr.
360 2793 438 2861 Epist.
458 2790 487 2856 1,
507 2801 532 2854 t,
549 2797 582 2842 ³0
597 2803 603 2836 τ
624 2804 637 2832 s
652 2802 697 2836 nec
730 2783 758 2834 in
771 2781 841 2835 Artis
852 2780 956 2832 Poetion
965 2779 1009 2830 lib.
1024 2778 1051 2829 Il
1064 2796 1070 2829 ε
1083 2775 1187 2827 «Vante
1198 2789 1231 2824 nn

194 2877 254 2930 Otia
260 2875 466 2936 diritiisdrabnm
472 2871 694 2924 libertinarum.»
732 2865 814 2917 baiser
824 2862 906 2914 cueilli
916 2879 960 2913 sur
969 2861 1004 2914 les
1012 2859 1176 2924 ldrresd’lris,
1182 2855 1232 2923 Qui

230 2973 274 3016 ss.
289 2961 345 3013 Det.
360 2961 433 3012 Gerr.
443 2955 587 3024 obsequiose
596 2949 699 3002 inflectit
733 2949 874 3002 mollemcnt
886 2945 981 3009 rdsiste,
991 2954 1016 2998 et
1026 2960 1111 3012 parnn
1120 2942 1185 2993 doux
1194 2955 1233 2990 ra-

193 3045 470 3118 capntadoscnlandnrn
481 3033 698 3105 te.-flagr.bo-
733 3021 1234 3100 price,Quelqneioislercfuseainqu'on

194 3132 270 3185 minis
280 3146 363 3183 amore
373 3123 507 3195 flagramis.
518 3117 646 3190 -fircsld
660 3115 698 3170 la·
733 3113 758 3166 le
769 3113 867 3166 rarisse.
881 3131 895 3162 a

231 3436 363 3488 Asaxrsrs.
382 3435 488 3503 Rogatus
496 3451 511 3488 a
519 3435 660 3497 biotenate,
670 3441 697 3484 at
708 3429 815 3482 carmine
823 3427 892 3497 epico
902 3421 1005 3488 Anpnti
1014 3419 1149 3473 celebraret
1158 3419 1235 3470 ricto-

197 3521 261 3588 rias,
271 3540 310 3587 se,
324 3533 352 3574 ut
369 3532 465 3592 poetam
478 3523 550 3573 rebus
559 3519 659 3573 ludicris
670 3515 836 3570 tantummodo
849 3495 981 3564 tractandis
992 3516 1090 3574 aptum,
1099 3503 1144 3555 has
1156 3513 1237 3571 partes

196 3609 246 3662 sibi
257 3610 410 3664 demandatus
423 3611 544 3663 sustinere
553 3627 623 3680 posse
636 3617 715 3674 negat.
729 3607 830 3674 ltaque,
842 3619 892 3654 non
902 3599 1032 3658 dubitans,
1043 3593 1103 3666 quin
1114 3593 1165 3660 ipse
1175 3589 1239 3640 Mas·

195 3699 350 3752 censsmnlto
359 3697 449 3750 melius
460 3713 499 3750 res
507 3707 586 3764 gestas
594 3692 698 3761 Augusti
711 3691 816 3760 pedestri
827 3687 937 3740 oratione
951 3689 1106 3734 enarraturus
1118 3677 1160 3737 sit,
1174 3691 1238 3725 xiunc

194 3783 275 3848 cauit,
291 3803 353 3854 quas
364 3785 438 3836 Musa
451 3800 507 3836 enm
517 3799 604 3835 canere
612 3779 700 3849 jubet‚'
718 3777 802 3829 laudes
813 3772 954 3842 Licymnia.
961 3795 994 3808 -
1002 3766 1121 3833 Compua
1137 3760 1237 3814 omnino

195 3887 263 3940 supr.
275 3871 299 3934 Ι,
311 3881 338 3937 e,
348 3869 394 3921 ubi
405 3869 506 3939 pariter,
519 3868 578 3919 dum
587 3865 700 3934 Agrippas
707 3871 737 3914 et
745 3859 849 3928 Augusti
862 3855 975 3908 laudibus
987 3849 1102 3904 canendis
1119 3862 1145 3896 se
1158 3845 1238 3910 inpa-

195 3975 245 4009 rem
258 3973 312 4008 csse
323 3953 438 4014 simulat,
447 3969 488 4004 eas
504 3953 549 4004 bac
562 3952 613 4020 ipsa
628 3945 783 4002 simulatione
793 3943 831 3996 rel
845 3941 950 3993 maxime
961 3932 1066 3990 extollit.
1081 3930 1172 3984 Eadem
1186 3936 1241 3982 arte

195 4043 221 4096 in
233 4039 387 4092 celebrandis
398 4035 499 4102 bagred
510 4034 622 4088 laudibus
633 4049 691 4086 usas
701 4039 738 4082 est
746 4027 888 4095 Propertius
900 4023 934 4089 11,
947 4033 971 4073 s.
1102 4065 1106 4072 .

455 4125 458 4130 r
1043 4127 1055 4170 I
1063 4099 1098 4186 [1³
