2894 4558
405 364 552 434 EPOD..
578 363 670 432 LlB.
698 362 847 432 CARM.
872 363 995 432 XVII.
1155 359 1222 458 547

275 507 324 576 Ut
338 506 408 598 ipse
423 501 690 591 uceticensem,
705 516 738 571 et
750 498 831 596 polo

274 623 439 718 Deripere
450 620 582 692 Lunam
595 617 732 690 vocibus
746 619 872 716 possim
887 619 987 706 meis,

276 741 404 812 Possim
418 755 582 810 crematos
594 740 742 810 excitare
756 753 924 826 mortuos,

276 859 496 956 Desiderique
510 875 698 954 temperare
713 855 889 953 poculum,

276 976 409 1050 Plorem
423 975 521 1069 ortis,
533 979 570 1048 in
583 994 617 1049 te
630 975 678 1048 nil
690 977 838 1073 agentis,
850 973 998 1046 exitum?

180 1192 302 1262 erupere
312 1188 413 1242 hosam
426 1185 544 1242 acerbus.
560 1184 602 1240 Cf.
613 1204 681 1256 supr.
718 1187 896 1256 qaendigenus
906 1181 985 1236 ferat?
994 1183 1225 1240 Lecticuemautem

180 1273 314 1345 V,{te.2-
321 1285 457 1332 crematos,
471 1273 498 1324 in
513 1271 622 1324 cinerem
640 1289 683 1324 rs-
719 1271 873 1337 nlmisimus,
883 1277 909 1322 et
921 1269 1044 1337 plerisque
1056 1271 1229 1340 manuscriptis

182 1357 276 1420 dautem
289 1374 344 1410 cum
354 1358 379 1408 ri
387 1356 518 1424 adjeemm.
533 1354 570 1408 De
582 1372 609 1406 re
618 1353 681 1406 Stat.
720 1361 751 1406 et*
757 1353 882 1405 veteribus
894 1351 1019 1404 codicibus
1030 1353 1184 1422 exhibitam,
1203 1366 1229 1408 et

180 1441 264 1492 Theb.
274 1439 325 1504 IV,
338 1451 364 1510 e,
377 1435 614 1509 remeidmpue
625 1448 685 1488 tem-
720 1437 915 1490 doctissimorum
931 1437 1021 1505 interp.
1037 1455 1156 1492 consensu
1168 1457 1235 1495 cen-

178 1542 270 1595 μενων
282 1525 422 1596 ponebam,
444 1524 545 1576 mimre
564 1521 684 1592 philtrum
721 1521 859 1586 firmatam,
877 1535 931 1590 que
948 1536 1046 1572 omnem
1059 1521 1228 1576 difficultatem

180 1607 389 1677 quodesiderium
402 1603 684 1658 emesan-rorem
722 1604 796 1656 tollit.
815 1603 908 1656 Eodem
920 1604 999 1671 redit,
1015 1607 1080 1674 quod
1093 1607 1230 1674 conjecerat
1304 1620 1307 1627 ·

184 1693 259 1752 cru's,
273 1701 319 1744 etc.
337 1689 458 1743 Nonnulli
472 1689 571 1756 legunt:
584 1687 684 1740 Florem
721 1685 863 1742 lacebsius:
880 1687 1003 1740 «Florem
1020 1691 1098 1758 artis,
1113 1691 1141 1745 in
1155 1701 1178 1744 te
1190 1690 1228 1742 nil

182 1775 262 1834 attis,
282 1774 312 1823 in
331 1787 354 1827 te
374 1772 413 1822 nil
430 1771 545 1824 Ιιαόσηιιζε
565 1769 684 1823 sedum?
721 1771 846 1832 valensi,
859 1771 972 1824 exitum?
984 1793 997 1822 c
1009 1803 1044 1812 -
1057 1775 1228 1828 meandum

183 1857 284 1909 Plosem
297 1858 360 1909 ortis
370 1855 507 1925 explicant:
526 1855 588 1907 artis
599 1871 685 1922 causa,
722 1874 783 1926 pro:
797 1856 851 1924 ipsa
861 1865 930 1922 arte,
939 1865 1059 1924 quatenus
1073 1857 1099 1908 in
1109 1873 1138 1908 ea
1148 1857 1228 1910 exitus

183 1941 236 1993 rel:
251 1942 283 1994 de
292 1950 354 1993 arte.
368 1940 416 1992 Sed
424 1942 481 2011 quis
493 1940 639 1992 hoedorum
651 1939 688 1991 lo·
724 1937 845 2008 precipue
855 1947 881 1990 et
892 1937 996 1990 effectus
1005 1948 1136 2008 spectatur.

219 2287 353 2341 Arsursrs.
374 2285 496 2349 Canidia,
509 2302 582 2355 quam
594 2285 712 2338 Horatius
729 2301 803 2354 supra
815 2283 895 2353 Epod.
908 2300 982 2335 sarm.
997 2295 1023 2352 tt,
1034 2295 1063 2335 ut
1073 2283 1229 2339 libidinosam

185 2392 259 2428 snum
278 2385 303 2426 et
321 2373 451 2426 veneficam
470 2372 628 2448 acerbissime
645 2373 773 2439 uaomrit,
786 2355 854 2424 sario
872 2369 942 2424 modo
961 2369 1023 2422 iram
1037 2387 1106 2423 suam
1121 2373 1152 2426 ob
1169 2373 1231 2424 illud

185 2477 282 2513 cannen
292 2458 326 2511 ita
336 2460 362 2512 in
372 2469 468 2530 poetam
478 2457 598 2511 effudisse
605 2451 711 2524 ridetur,
723 2467 751 2509 nt
759 2475 815 2510 eum
825 2457 856 2510 ds
867 2459 962 2523 integro
969 2467 1086 2510 contrase
1093 2455 1231 2512 lacessitum

186 2545 217 2596 ad
228 2547 275 2598 laec
285 2546 389 2598 alterum
400 2563 497 2598 carmen
509 2545 664 2598 scribendum
674 2545 801 2597 incitaret·
810 2543 885 2596 Poeta
898 2545 982 2610 igitur,
993 2561 1019 2595 se
1029 2543 1109 2612 ipsum
1119 2544 1230 2599 Canidia

187 2634 281 2684 artibus
297 2633 394 2700 magicis
408 2636 512 2702 petimm
521 2646 548 2688 et
557 2636 698 2688 sanissimis
706 2615 854 2688 eruciatibus
863 2633 895 2685 ab
904 2649 931 2686 ea
942 2633 1057 2684 affectum
1065 2651 1118 2688 esse
1127 2637 1231 2706 fingens,

188 2736 238 2771 non
255 2719 308 2769 sine
325 2735 410 2783 magna
423 2720 552 2784 irrisione,
565 2731 594 2772 ut
604 2721 653 2773 sibi
666 2737 731 2773 nanc
739 2721 799 2772 satis
810 2705 947 2789 perdomito
958 2730 1054 2788 parcat,
1063 2722 1167 2792 supplex
1176 2741 1230 2776 eam

188 2812 275 2856 oratet
283 2803 401 2854 obsecrat.
413 2803 454 2854 Ad
463 2803 515 2870 ejus
526 2806 635 2856 animum
647 2815 728 2856 summ
739 2805 881 2872 placandum
893 2813 920 2855 et
929 2804 1088 2870 mitigandum
1101 2808 1140 2858 his
1152 2810 1232 2862 utitur

189 2889 339 2942 rationibus:
351 2885 473 2940 Achillem
482 2906 579 2958 quoque
589 2900 615 2941 et
622 2889 711 2941 Circen
722 2887 874 2956 supplicibus
883 2889 997 2956 precibus
1005 2889 1083 2941 locum
1093 2892 1231 2964 reliquisse,

188 2976 239 3044 ait;
250 2993 277 3028 se
286 2991 350 3027 nnnc
359 2976 418 3027 satis
428 2993 549 3044 superque
559 2993 685 3044 poenarum
696 2975 721 3028 ei
731 2993 776 3043 pro
785 2993 828 3026 sua
837 2975 934 3028 dedisse
943 2975 1088 3043 petulantia,
1098 2987 1131 3044 et,
1142 2991 1233 3047 quanta

143 3050 149 3064 ⁵
189 3064 222 3115 sit
233 3063 285 3128 ejus
297 3061 322 3112 in
332 3070 384 3112 arte
394 3062 500 3114 venefica
511 3062 631 3129 potentia,
643 3063 741 3128 ingente
750 3060 834 3112 dolore
842 3071 970 3128 expertum
980 3077 1047 3127 esse;
1060 3077 1086 3112 se
1097 3063 1128 3113 ad
1136 3081 1232 3132 omnes,

188 3165 344 3220 quascunque
352 3147 462 3214 jusserit,
472 3163 554 3216 poenas
564 3148 730 3211 exsolvendas,
742 3146 817 3199 imme
825 3147 856 3198 ad
866 3147 919 3213 ejus
927 3145 1012 3197 laudes
1022 3145 1052 3198 ad
1063 3148 1147 3200 erolum
1157 3169 1233 3222 usque

190 3235 300 3289 mendaci
313 3235 365 3305 lyra
377 3233 527 3286 extollendae
544 3244 655 3304 paratum
669 3250 737 3301 esse;
755 3233 884 3286 Dioscnros
902 3248 999 3301 quoque
1016 3231 1149 3287 Stesichori
1166 3239 1232 3305 pali-

190 3323 273 3389 nodia,
282 3331 311 3374 nt
321 3321 345 3373 ei
355 3321 449 3372 lumina
459 3321 598 3382 redderent,
610 3329 732 3388 permotos
742 3336 804 3372 esse.
817 3318 865 3370 Sed
873 3316 988 3378 Canidia,
998 3333 1071 3386 quam
1082 3323 1233 3388 responden-

190 3419 240 3458 tem
252 3407 356 3474 inducit,
365 3424 393 3458 se
405 3406 480 3458 nullis
489 3407 602 3477 precibus
615 3406 693 3471 frangi
705 3421 789 3474 posse,
802 3405 878 3456 immo
889 3404 920 3456 ab
929 3401 1042 3469 Horatio,
1052 3405 1096 3472 qui
1105 3407 1157 3472 ejus
1167 3424 1234 3461 sacra

191 3491 306 3558 irriserit,
317 3501 343 3542 et
353 3491 439 3544 urbem
451 3490 503 3559 ejus
515 3490 615 3542 nomine
629 3489 776 3558 impleverit,
786 3490 967 3542 crudelissimas
978 3505 1060 3557 peenas
1072 3489 1233 3558 expetiturum

192 3593 245 3627 esse
254 3577 363 3628 minatur
372 3588 398 3628 et
407 3575 638 3646 prolimen-*Sed
649 3575 720 3642 longe
729 3576 802 3628 aliter
810 3577 842 3628 de
851 3577 896 3627 boo
904 3575 1012 3626 carmine
1021 3574 1096 3625 sentit
1103 3575 1236 3630 Mitsoher-

191 3661 290 3712 liehius.
303 3661 411 3714 Tantum
423 3681 511 3734 nempe
521 3663 594 3731 hujus
604 3679 659 3714 cum
670 3661 750 3731 Eped.
763 3662 872 3714 carmine
880 3663 967 3730 quinto
977 3677 1067 3713 nexum
1077 3677 1130 3713 esse
1141 3663 1235 3730 statuit,
1322 3705 1324 3710 .

193 3757 222 3800 ut
232 3746 294 3808 tela,
306 3747 332 3797 in
344 3747 386 3799 illo
398 3749 518 3814 inchoata,
530 3751 576 3804 hoo
587 3751 686 3802 demum
697 3748 795 3800 detexta
808 3757 833 3800 et
843 3747 1004 3814 absolutasit.
1016 3745 1081 3799 Hine
1094 3764 1141 3798 ar.
1155 3760 1235 3818 bol,

193 3852 243 3886 non
261 3833 405 3900 Horatium,
420 3837 463 3886 sed
473 3837 568 3890 Varum
585 3837 653 3907 loqui
671 3835 705 3888 ita
722 3835 771 3886 sibi
788 3851 930 3903 persuasum
946 3834 1051 3902 babuit,
1063 3844 1106 3898 ut,
1118 3847 1237 3903 expuncto

194 3921 292 3972 Horatii
306 3922 419 3986 nemine,
429 3921 492 3974 Vari
508 3943 597 3978 nomen
613 3925 671 3976 huic
685 3923 787 3974 carmini
806 3921 978 3990 praefigendum
989 3931 1095 3974 curaret.
1113 3922 1162 3974 Sed
1180 3925 1239 3978 bule

192 4007 303 4077 opinioni
321 4008 391 4077 plura
408 4009 434 4061 in
448 4010 492 4060 hoc
503 4011 611 4063 carmine
622 4011 729 4063 obstant.
749 4007 814 4060 Nam
826 4018 853 4060 ut
865 4007 929 4060 nihil
941 4008 973 4060 de
983 4025 1006 4060 r.
1020 4019 1068 4061 sas
1081 4027 1095 4056 u
1104 4009 1155 4061 sire
1166 4026 1238 4064 men-

1035 4095 1094 4169 35·
