3010 4556
265 427 337 500 326
548 427 591 512 Q.
619 423 828 491 nuttam
853 425 1028 492 FLACCI

264 567 363 635 quidem
373 574 474 618 onustat.
486 573 553 616 Auro
562 563 628 614 enim
639 563 666 613 ia
676 559 763 612 turrim
777 561 893 614 abersenm
903 601 910 628 ,
922 579 977 632 qua
988 563 1087 616 Dauara
1100 573 1185 616 matra
1192 563 1313 618 munros

266 651 364 702 munire
373 649 492 714 debebat,
504 647 640 718 penetrarit
656 646 773 716 Jupiter3
793 665 853 698 anso
871 647 899 700 ia
915 648 1047 716 petridem
1067 649 1150 702 masiti
1166 650 1205 702 sai
1220 667 1246 701 se
1260 666 1312 704 our-

266 737 347 805 rumpi
356 745 469 804 paasaest
477 734 614 803 Eriphylu;
629 752 689 786 auro
702 734 775 785 umes
792 734 938 802 expugnarit
947 745 973 786 et
983 735 1075 786 ricinos
1085 751 1153 800 reges
1161 735 1276 802 degloriet
1288 749 1314 790 et

266 832 386 891 potestate
395 839 475 874 aeuum
485 819 626 874 tumulantes
641 821 776 890 sappmit
787 819 948 874 mammeam
963 837 1023 888 rex,
1037 822 1183 891 Pnittppu23
1200 841 1260 877 auro
1268 825 1314 876 de·

268 909 343 977 nique
357 909 455 960 nariam
465 909 537 962 duces
546 909 576 959 nt
586 908 713 976 perfidiae
723 907 821 960 adamat
832 917 899 960 aunt.
911 908 1132 960 verumenimvero
1145 927 1194 981 quo
1207 910 1264 979 quis
1278 920 1316 962 est

267 993 417 1064 opulentior,
427 1013 456 1047 eo
465 996 556 1061 maiore
564 993 635 1062 plura
643 993 1012 1061 habendicupiditateagitatur.
1024 993 1087 1048 Jura
1095 996 1231 1066 meritaque
1241 998 1317 1062 igitar

268 1081 433 1133 adivitiarum
444 1079 572 1148 splendore
580 1079 707 1145 abhorrui,
717 1089 743 1130 et
752 1079 885 1148 tranquillo
895 1081 978 1134 animo
988 1083 1014 1133 in
1025 1099 1052 1134 re
1061 1082 1153 1133 modica
1162 1093 1188 1134 et
1195 1093 1316 1134 mntemtn

269 1167 431 1236 acquiescere,
441 1183 514 1236 qaam
525 1166 590 1218 uaris
599 1165 752 1232 gravioribus
762 1165 788 1218 iu
796 1183 823 1217 re
831 1163 898 1218 lanta
907 1169 1034 1234 munerari,
1045 1168 1129 1219 malui.
1143 1167 1241 1234 Ignorat
1249 1169 1316 1220 enim

270 1251 455 1304 latilundiorum
474 1267 597 1320 persuasor
614 1251 781 1304 dulcissimam
803 1251 870 1302 illam
886 1251 1053 1320 voluptatem,
1066 1270 1142 1322 qum
1158 1253 1270 1322 suptilem
1287 1270 1318 1304 ea

271 1353 334 1406 puro
345 1338 397 1388 riso
408 1374 415 1403 ‚
427 1353 555 1406 pannorum
566 1338 678 1404 jugorum
689 1337 775 1402 silvis,
791 1348 815 1388 ot
825 1336 896 1403 agolli
907 1337 957 1390 mei
969 1338 1094 1390 fertilitate
1104 1339 1212 1406 percipio
1222 1357 1229 1402 ς
1244 1339 1319 1389 immo

273 1421 350 1473 mutto
362 1421 404 1473 illo
415 1439 467 1472 aurn
481 1423 594 1475 beatior:
609 1423 720 1494 quamvis
734 1423 801 1473 enim
815 1439 894 1492 neque
907 1441 936 1475 er
952 1424 1024 1476 melle
1037 1425 1063 1476 in
1075 1424 1190 1479 Calabria
1197 1435 1317 1494 quaestum

274 1505 346 1572 facio,
356 1522 435 1574 notrae
447 1509 473 1559 ia
482 1507 618 1578 Campania
628 1509 711 1560 vinum
719 1508 878 1560 Formianum
888 1510 976 1576 oondo,
984 1527 1062 1580 nque
1070 1525 1152 1576 peges
1163 1511 1189 1562 iu
1199 1509 1321 1578 praularia

273 1591 363 1644 Gattia
374 1591 507 1664 Cisalpina
524 1595 621 1664 pascuis
635 1595 692 1662 alo;
710 1612 792 1647 rerum
803 1596 993 1650 necessariarum
1009 1607 1089 1649 tumen
1104 1598 1171 1648 haud
1182 1611 1226 1663 ego
1236 1597 1323 1650 laboro

233 1680 237 1688 '
273 1677 366 1748 inopia.
375 1679 505 1734 Contracta
514 1691 595 1733 autem
604 1681 674 1750 plara
680 1681 788 1733 habendi
795 1681 907 1750 cupidate
915 1681 981 1736 intra
988 1684 1204 1750 salgamariorum
1213 1700 1322 1736 meorum

274 1765 335 1816 tinas
352 1765 426 1818 latius
442 1768 505 1819 mihi
524 1783 625 1834 regnare
640 1768 753 1832 videbor,
768 1783 841 1836 quum
853 1768 1011 1821 siooutinuoa
1026 1771 1052 1820 in
1068 1769 1128 1822 Asia
1139 1781 1228 1822 tructas
1240 1772 1321 1839 poari-

274 1853 354 1906 deam.
365 1853 416 1921 Qui
427 1855 504 1908 multa
515 1865 620 1924 petunt,
630 1871 755 1925 numam
767 1856 883 1907 exsatiari
894 1867 1002 1924 pomum.
1014 1858 1097 1911 Multo
1107 1858 1202 1911 leliniua
1212 1859 1287 1924 igitur
1297 1867 1323 1910 et

277 1939 432 2008 tranquillius
439 1941 525 1993 vivunt
536 1942 563 1992 in
573 1957 600 1992 re
610 1941 704 1993 modias
712 1939 850 1993 constituti.

312 2027 422 2082 Omnino
438 2031 483 2083 hoa
495 2045 591 2084 carmen
603 2029 788 2100 perfectissimis
803 2027 933 2082 Horatiani
946 2031 1039 2098 ingenii
1050 2033 1234 2101 monumentis,
1246 2051 1321 2105 mum

278 2125 378 2184 propter
394 2115 601 2170 nobilissimarum
615 2117 793 2170 sententiarum
809 2117 880 2181 alra,
896 2125 947 2168 tum
963 2117 1175 2187 propterlyriaam
1184 2121 1323 2174 mmmdem

280 2203 447 2256 {montionem
456 2203 632 2256 amansoudutn
644 2219 707 2265 esse,
718 2201 912 2272 tantumnque,
923 2204 958 2256 rei
971 2203 1118 2270 intelligens,
1128 2205 1251 2272 taruenna
1304 2263 1306 2269 Α

280 2383 337 2402 §Ut
341 2383 1328 2406 ΜἈὶὶὓὶἊΜΜᾸἏΜΜἊὶᾺΜΜΜἏΜ

575 2529 849 2618 CARMEN
879 2530 1036 2616 XVII.

584 2743 640 2800 AD
660 2742 816 2802 attunt
836 2743 1025 2800 latitant.

284 2917 327 2969 De
348 2913 472 2989 procella
492 2927 639 2989 posterum
659 2915 737 2972 diem
753 2916 957 2970 contristatura
976 2913 1101 2970 Lamiam
1123 2925 1235 2984 monet,
1255 2913 1325 2968 iuvi-

573 3025 669 3090 tatque
682 3017 719 3072 ad
733 3015 819 3090 genio
834 3015 1052 3091 indulgendam.

383 3169 476 3254 AEnt,
492 3181 621 3236 vetusto
641 3165 762 3236 nobilis
780 3167 823 3234 ab
844 3169 969 3252 Lamo,

382 3284 527 3374 Quando
544 3301 578 3354 et
593 3284 721 3378 priores
738 3284 818 3354 hinc
836 3285 972 3356 Lamina
990 3282 1102 3376 serpat

432 3405 695 3489 Denominatos‚
712 3419 746 3472 et
764 3420 924 3498 nepotum

482 3525 546 3590 Per
563 3545 727 3590 memoras
747 3546 850 3616 genus
868 3541 968 3588 omne
986 3519 1105 3587 sastos:

325 3707 350 3746 r.
364 3689 596 3748 Vetustuablamo,
604 3689 715 3757 Neptuni
728 3690 787 3756 lilio,
823 3689 926 3740 mnus
932 3683 1333 3742 Denomuunsmmtanin

283 3775 456 3846 antiquissimo
464 3775 653 3840 Laestrygonum,
665 3773 750 3852 populi
762 3775 787 3826 in
824 3772 974 3842 appellatos;
989 3769 1037 3821 init
1051 3769 1119 3822 enirn
1132 3767 1198 3836 apud
1213 3767 1334 3820 manos

285 3861 428 3929 Campania,
437 3873 507 3924 rege;
517 3857 589 3910 liora.
601 3856 689 3926 Odyss.
698 3859 734 3925 tt,
744 3867 786 3910 at.
825 3859 870 3912 boc
878 3855 1015 3910 nobilitatis
1023 3854 1143 3918 studium,
1153 3863 1205 3904 uta
1216 3851 1334 3909 nominis,

286 3971 323 3984 -
335 3939 459 4010 Quando,
476 3940 613 4009 siquidem,
635 3941 790 4012 quandoqui-
824 3939 938 4010 quoqu'ts
948 3937 1093 4008 antiquitus,
1102 3935 1226 4004 prucipue
1236 3935 1262 3986 in
1272 3933 1336 3986 betto

286 4021 790 4094 dem,utsmpeapudNoatrum.-pn'o-
824 4023 1072 4092 Trojano,inslguem
1080 4018 1334 4088 itomammecntaa

287 4123 342 4167 na,
365 4108 443 4174 gentis
465 4119 511 4161 tum
537 4109 647 4175 majoros.
669 4140 704 4148 -
727 4107 786 4162 laiac
824 4099 1331 4169 luisset,similitudinegentissuaoriri·
