2964 4548
235 402 299 472 170
507 375 550 460 Q.
577 374 785 442 nostru
810 375 984 442 entem

324 512 481 585 Nondum
499 513 638 606 expiatis
655 527 754 582 uncta
772 513 960 601 cruoribus,

323 628 518 701 Periculosae
535 628 673 724 plenum
691 651 773 724 opus
792 630 888 718 ateae,

368 751 521 836 Tractas,
538 763 572 816 et
589 747 714 818 incedis
731 772 791 841 per
806 749 900 842 ignes

417 865 609 958 Suppositos
626 864 732 933 cineri
750 861 877 932 doloso.

324 980 472 1053 Paullum
488 1006 608 1052 severae
625 984 721 1052 Musa
739 981 908 1078 tragoediae

321 1098 417 1167 Desit
434 1098 591 1167 theatris:
611 1123 706 1184 mox,
723 1098 780 1168 ubi
796 1096 945 1192 publicas

370 1217 435 1284 Res
454 1205 638 1304 ordinaris,
658 1214 784 1310 grande
802 1239 921 1283 munus

417 1335 581 1426 Cecropio
598 1347 728 1427 repetes
747 1332 931 1418 cothurno,

225 1555 251 1607 in
269 1554 344 1617 Curia
362 1558 414 1626 ipse
432 1559 507 1611 tuerit
518 1561 668 1612 interiectus.
689 1587 724 1599 -
758 1556 867 1608 meana.
886 1554 962 1606 Sileat
973 1555 1066 1605 interea
1077 1552 1148 1604 illusa
1161 1561 1201 1603 tna
1213 1561 1264 1604 tra·

223 1640 347 1691 nmabsiaias
367 1640 533 1712 Prsircr'psum,
553 1643 639 1696 initam
660 1645 725 1696 inter
758 1635 1263 1708 giea3oessetetintermittsturpaululurn,
1287 1647 1289 1650 “

225 1719 359 1788 Cesaram,
371 1723 514 1794 Pompeium
525 1735 550 1778 et
560 1725 674 1778 Crassum
684 1743 725 1778 so-
758 1741 807 1794 quo
826 1721 946 1790 uagndiis
963 1720 1098 1792 scribendis
1116 1721 1147 1772 do
1163 1721 1265 1772 theatris

224 1805 345 1857 rietatem.
357 1809 487 1877 -gmvr‘s
496 1809 595 1875 dicitur,
608 1810 660 1862 scil.
677 1810 725 1862 rei·
760 1806 854 1873 egregie
868 1805 983 1870 mereris,
999 1800 1210 1870 surdium.-ubi
1217 1801 1265 1853 Res

225 1887 334 1954 publice.
345 1909 358 1936 n
368 1887 409 1941 Tu
419 1905 501 1944 caussa
513 1892 631 1945 malorum
643 1892 724 1958 ,iacta
757 1887 1022 1959 publicnsords‘nntrb,
1038 1887 1082 1940 ubi
1098 1903 1153 1951 res,
1169 1903 1223 1955 qne
1234 1885 1264 1936 ad
1283 1879 1292 1897 ’

222 1972 303 2023 tribus
325 1973 432 2027 dominis
452 1977 588 2028 eommunis
610 1977 723 2030 Roma.»
761 1975 825 2026 bella
841 1974 923 2026 civilia
936 1982 1056 2042 spectant,
1075 1971 1221 2038 digesseris,
1242 1979 1267 2021 et

224 2057 314 2108 Lucan.
328 2057 350 2124 1,
362 2068 403 2110 at.
413 2072 541 2118 —uncsn
552 2061 577 2110 h.
590 2076 611 2112 a.
623 2058 725 2127 polluta,
762 2073 845 2110 esrum
858 2073 947 2110 nexum
957 2072 987 2107 es
999 2051 1266 2124 ordiucdescripseris3

224 2149 252 2190 ut
262 2139 322 2192 inlr.
335 2139 414 2209 Epod.
427 2154 452 2208 tt,
465 2153 506 2210 ta,
521 2161 534 2188 s
543 2159 587 2194 osa
596 2142 676 2209 turpis
685 2155 725 2192 ra-
761 2138 800 2190 rel
822 2137 851 2190 ad
871 2137 1017 2207 exquisitius
1036 2135 1151 2206 loquendi
1170 2151 1243 2202 genus
1258 2153 1263 2182 :

225 2238 262 2272 na
274 2225 390 2288 munnae
402 2235 490 2276 uncto.
503 2245 516 2273 s
528 2221 654 2274 -Νοηᾰ,
667 2241 723 2293 erp.
762 2229 888 2289 postquam
905 2219 1077 2287 rempublicam
1089 2215 1278 2286 composueris,¹

223 2321 308 2355 enter.
323 2315 460 2374 perpetrata
470 2308 537 2359 eninr
549 2310 574 2358 in
586 2307 651 2358 bello
659 2307 726 2358 civili
762 2303 788 2354 h.
799 2320 822 2356 e.
837 2311 962 2371 postpram
972 2301 1099 2354 historiam
1109 2309 1174 2353 mam
1183 2299 1214 2351 ad
1225 2297 1267 2350 illa

223 2384 312 2437 civium
329 2386 405 2438 cedes
416 2387 446 2440 ad
461 2389 571 2454 graviora
585 2399 612 2440 et
626 2388 726 2456 piamlis
763 2399 840 2452 usque
863 2393 970 2450 tempora
994 2382 1159 2450 produxeris,
1178 2381 1268 2450 quibus

140 2533 143 2539 Ι
223 2468 343 2535 expianda
366 2470 518 2523 referebatur
539 2471 648 2534 seelera;
670 2471 728 2522 binc
763 2464 897 2534 respublica
907 2463 1266 2533 estoomposita.l·'aoerecnim

224 2567 296 2618 supra
305 2550 396 2603 Noster
403 2552 435 2604 de
445 2553 517 2604 bellis
527 2553 652 2616 civilibus,
662 2554 688 2621 1,
699 2565 725 2620 a,
761 2549 877 2601 dicuntur
893 2557 970 2616 poete
988 2558 1015 2600 et
1029 2549 1186 2601 historiarum
1204 2547 1267 2600 scri-

225 2643 258 2686 aa
269 2652 275 2682 :
287 2632 432 2688 «Cuidabit
441 2648 521 2705 partes
528 2637 726 2707 seelusexpinndi
763 2641 860 2702 Ρῑῠῐῦ,
876 2631 941 2700 (Μ
956 2630 1106 2684 millum·
1125 2631 1192 2683 Male
1202 2639 1268 2682 oefle

224 2715 365 2783 Jupiteris
379 2745 415 2757 ·-
427 2719 512 2772 Perrh.
529 2722 599 2792 plen.
614 2737 678 2792 opus
689 2723 726 2775 at,
764 2714 898 2766 Juvencins
917 2724 943 2766 et
961 2713 1087 2767 Dacierius
1107 2715 1159 2767 hec
1178 2715 1266 2774 rerba,

224 2813 285 2864 opus
300 2798 546 2872 periculosissimum,
565 2821 615 2856 fem
628 2805 728 2857 arduam
761 2795 883 2867 publicam
892 2791 1077 2856 esordescant,
1089 2797 1178 2849 nonde
1188 2813 1267 2848 rerunt

224 2879 326 2954 moliris.
343 2881 466 2948 Omnibus
484 2887 526 2954 qui
547 2897 625 2938 motus
645 2885 728 2940 civiles
764 2880 932 2944 animatione,
951 2881 993 2932 sed
1010 2880 1114 2933 devera
1129 2881 1268 2950 reipublice

225 2961 304 3030 adhuc
311 2975 419 3016 recentes
429 2977 539 3028 narrant,
551 2968 686 3021 timendum
692 2979 731 3022 est
765 2963 974 3017 administratione
985 2963 1141 3030 intelligunt3
1154 2965 1196 3033 qui
1210 2979 1267 3015 seu·

226 3055 307 3096 aeaut
315 3061 397 3099 neuun
406 3047 495 3116 veritas
505 3047 615 3115 laedatur,
624 3063 729 3105 autsers
764 3048 1128 3101 msuniversocarministenori
1137 3063 1269 3120 repugnare

225 3131 379 3183 enarratione
396 3129 526 3184 multorum
545 3133 601 3185 odia
617 3151 729 3187 movean—
763 3133 878 3184 omnibus
895 3133 965 3184 facile
977 3132 1109 3184 ridebitur.
1122 3163 1158 3171 -
1170 3129 1270 3202 grass&

226 3221 275 3263 tur.
289 3213 356 3265 Alea
369 3224 405 3266 est
417 3215 515 3284 proprie
529 3214 600 3266 ludus
611 3217 726 3283 talomm,
764 3233 859 3267 munus
881 3216 1001 3285 Cecropio
1019 3227 1114 3286 repetes
1131 3215 1267 3274 coslam,

225 3293 269 3364 qui
282 3295 430 3362 perimlosus
440 3307 465 3350 et
475 3297 581 3350 incertus
589 3297 658 3364 vulgo
672 3309 727 3367 est3
766 3301 850 3366 tragici
863 3310 939 3368 poeta
951 3311 1031 3368 partes
1043 3301 1074 3352 de
1086 3301 1181 3366 integro
1193 3299 1270 3351 susti·

227 3379 292 3432 unde
310 3381 341 3432 ad
357 3383 467 3452 qtnmsis
484 3399 534 3434 rem
547 3383 676 3450 ancipitem
692 3383 729 3435 si·
766 3384 853 3454 nebis3
874 3395 985 3454 repetere
998 3380 1099 3453 grande
1111 3397 1220 3439 munus,
1239 3382 1270 3433 ad

225 3463 436 3528 gnificandamros
445 3465 570 3532 accipitur.
580 3494 614 3502 -
624 3461 730 3531 rircedri,
766 3481 836 3533 grave
846 3465 972 3531 tragedias
981 3465 1103 3518 scribendi
1113 3465 1219 3517 studium
1228 3476 1270 3514 re·

225 3555 272 3598 etc.
284 3545 349 3598 idern
360 3547 418 3599 iacis
429 3565 457 3599 ac
467 3543 488 3599 si
503 3545 626 3599 incederes
641 3564 687 3618 per
695 3549 732 3600 ci·
766 3549 833 3614 dire3
845 3547 963 3617 Cecropio
972 3548 1102 3609 codrum,
1115 3549 1269 3614 sublimiore,

226 3645 298 3680 neres
308 3627 351 3698 qui
360 3637 468 3696 tegerent
473 3631 623 3698 suppositum
634 3629 712 3695 ignem
723 3649 729 3680 :
766 3647 839 3699 quem
848 3629 908 3681 illud
917 3631 1003 3696 exigit,
1010 3631 1109 3699 spiritu.
1122 3625 1269 3701 Oret-opsita,

225 3713 291 3782 quod
305 3729 393 3782 nempe
410 3714 463 3765 sinc
478 3714 544 3780 gravi
560 3714 667 3781 periculo
678 3714 731 3765 lieri
768 3713 882 3782 Attiuss3
903 3713 1010 3765 buerunt·
1024 3723 1105 3786 antem
1125 3715 1271 3768 nobilissimi

226 3799 319 3866 nequit
335 3797 454 3849 Similiter
468 3797 580 3866 Propert.
593 3797 622 3864 1,
641 3810 676 3862 tt,
694 3808 729 3851 a:
768 3798 935 3864 tragoediarum
961 3797 1090 3864 scriptores
1108 3797 1202 3861 Attici,
1220 3796 1271 3848 sive

228 3899 242 3926 u
253 3879 286 3932 Et
302 3882 376 3934 miser
391 3883 484 3948 ignotos
496 3882 594 3949 vestigia
612 3883 675 3934 terre
688 3899 732 3950 per
768 3878 951 3939 Athenienses,
971 3878 1101 3946 Thespis,
1121 3877 1269 3948 Sophocles,

228 3964 304 4028 ignes.
318 3985 331 4012 a
768 3962 911 4032 AEschylus,
925 3960 1065 4028 Euripides.
1079 3989 1112 3998 -
1121 3959 1268 4018 commus,

264 4055 287 4096 9.
307 4045 383 4098 Paul.
403 4065 451 4099 sev.
479 4049 557 4100 Musa
573 4061 639 4118 trag.
663 4048 731 4099 Desr't
766 4047 857 4098 calceus
872 4045 951 4110 altior,
967 4063 1015 4113 quo
1034 4047 1058 4094 in
1076 4045 1198 4111 tragediis
1212 4053 1270 4095 utc-
