2950 4548
258 357 325 441 ιιι
535 357 1017 444 Q.110RAT11FLACCI

398 493 539 588 Redegit
553 496 586 562 in
603 519 697 563 veros
712 496 848 564 timores

444 612 565 699 Caesar,
579 610 621 679 ab
635 608 731 678 Italia
748 609 915 680 volantem

349 727 461 795 Remis
474 724 659 820 adurgeus;
674 727 836 819 accipiter
848 723 937 796 velut

351 839 469 912 Molles
483 840 668 928 columbas,
681 839 899 935 aut'leporem
912 843 995 911 citus
1030 849 1035 854 '

399 962 549 1029 Venator
562 959 597 1028 in
611 959 737 1052 campis
751 956 868 1026 nivalis

447 1075 627 1144 Haemoniae
639 1101 647 1163 ρ
663 1072 759 1142 daret
772 1089 810 1142 ut
822 1075 947 1143 catenis

352 1190 464 1263 Fatale
478 1207 664 1260 monstrum
678 1218 685 1260 :
707 1216 779 1284 quae
793 1193 985 1285 generosius

352 1312 466 1380 Perire
478 1334 644 1405 quaerens,
658 1333 719 1378 nec
732 1306 942 1378 muliebriter

400 1429 543 1523 Expavit
558 1451 686 1515 ensem,
701 1451 763 1496 nec
776 1424 918 1497 latentes

431 1544 556 1645 ¹Classe
569 1545 634 1614 cita
648 1545 816 1638 reparavit
832 1570 918 1614 oras.

255 1742 557 1808 simuurcttttareortdem
568 1741 680 1812 paludem
688 1759 761 1812 super
795 1745 853 1797 dita
864 1745 1004 1813 cupiditatis
1017 1745 1158 1808 mulierem,
1172 1729 1221 1798 lato
1232 1763 1297 1815 quo-

256 1821 429 1878 Alexandriam
450 1836 549 1878 natum:
571 1826 604 1877 ei.
618 1824 712 1878 Athen.
733 1828 759 1892 1,
796 1829 932 1882 damadiis
945 1830 1013 1880 iratis
1022 1829 1131 1882 Romano
1140 1831 1242 1898 imperio
1251 1833 1296 1882 im-

258 1908 759 1978 rap.603etHeyn.Virg.Georg.ll,ot.
797 1913 912 1974 misaam,
938 1929 1011 1982 quam
1037 1913 1158 1977 graviter!
1178 1913 1299 1964 Similiter

295 2006 336 2044 tr.
353 1994 527 2046 Veientem...
535 1992 760 2064 Iiemr‘radurgens,
798 1992 884 2045 Cicero
894 1994 1064 2046 Catilinamob
1074 1995 1128 2046 dira
1139 1995 1191 2061 ejus
1199 1995 1299 2046 oonsilia

189 2129 194 2141 ,
258 2096 371 2146 prement
379 2118 386 2142 ,
394 2080 504 2147 proxime
517 2079 647 2147 insequens
656 2095 708 2128 eam
719 2096 763 2129 ro-
798 2089 935 2128 monstmm
944 2088 970 2128 et
975 2075 1119 2146 prodigium
1127 2089 1195 2130 vocat
1203 2081 1229 2130 in
1241 2078 1296 2132 Cat.

257 2161 348 2214 lentem
360 2163 392 2213 ab
405 2163 476 2212 Italia
486 2179 535 2229 quo
548 2162 698 2226 tetenderat,
708 2161 762 2227 pri-
798 2158 834 2223 ll,
846 2170 869 2210 t.
885 2179 899 2206 ιι
910 2159 1017 2210 Dedecus
1028 2159 1134 2228 AEgyptt
1144 2162 1208 2210 Latii
1217 2160 1299 2212 feralia

260 2263 325 2296 mum
343 2261 430 2312 nempe
449 2243 531 2294 Cesar
550 2245 672 2295 Liburnae
690 2261 762 2296 neree
797 2241 906 2311 Erynnie
917 2263 930 2290 u
945 2245 1014 2294 audit
1024 2243 1152 2312 Cleopatra
1163 2245 1227 2312 apud
1237 2246 1297 2295 Luc.

258 2328 390 2394 lugientem
400 2325 552 2394 Cleopatram
564 2344 673 2394 premere
681 2328 763 2393 jussit,
798 2327 838 2391 X,
859 2338 901 2380 ta.
917 2355 953 2364 -
968 2329 1130 2396 generosius,
1146 2328 1265 2380 nobiliore
1276 2339 1303 2378 et

257 2411 346 2462 deiude
355 2420 409 2478 poet
416 2409 512 2478 aliquod
523 2410 639 2474 temporis
649 2408 764 2460 interval·
798 2409 937 2462 honettiore
947 2411 1031 2461 mortis
1038 2425 1140 2474 genere,
1150 2426 1222 2476 quam
1234 2410 1299 2478 quod

257 2479 308 2545 lum
325 2493 378 2560 ipae
389 2509 440 2544 eam
454 2491 484 2542 ad
497 2490 669 2543 Alexandriam
687 2509 762 2560 usque
797 2507 823 2540 te
834 2483 951 2559 tapnvim
966 2499 1069 2541 maneat.
1083 2519 1116 2528 —
1128 2489 1241 2560 Expavit
1251 2509 1299 2540 err-

256 2586 396 2645 pereecutue
404 2574 619 2643 eet-accipiter
630 2575 711 2632 velut,
727 2593 759 2626 ru.
798 2591 866 2638 sem;
879 2585 1001 2642 arreptum
1013 2575 1078 2626 enim
1089 2576 1176 2639 telum,
1191 2593 1240 2644 quo
1250 2577 1299 2627 vim

257 2677 367 2729 premere
377 2657 763 2726 solet.-Moller,timidaa;pri-
797 2659 846 2710 eibi
866 2659 963 2710 illatura
986 2668 1037 2709 erat
1060 2655 1205 2725 Cleopatra,
1226 2673 1300 2725 quum

257 2757 309 2792 mna
320 2741 397 2793 lineae
408 2741 481 2808 hujus
494 2739 680 2808 comparationis
693 2740 764 2790 duxit
797 2743 938 2795 Proculeius
948 2760 1001 2794 eam
1009 2742 1038 2793 ad
1045 2741 1166 2793 Curarem
1173 2742 1299 2792 abductum

259 2823 393 2884 Homerus,
405 2822 436 2872 ll.
452 2823 548 2885 xxti,
563 2832 611 2874 tat
627 2841 632 2870 :
647 2818 764 2881 Πηλείδης
798 2828 917 2892 venisset,
931 2828 972 2878 vix
986 2827 1009 2876 ri
1022 2843 1052 2878 ex
1067 2825 1119 2892 ejus
1131 2825 1243 2875 manibus
1256 2841 1300 2874 ex-

260 2899 286 2954 d'
308 2905 452 2972 ἐπόρωσι...
476 2895 537 2955 tlon
559 2903 639 2972 κίρκοι
659 2903 763 2974 detero,
800 2909 1017 2978 nuncupauit,
1035 2919 1063 2960 ut
1080 2919 1162 2960 narrar
1177 2905 1298 2958 Ptuureh.

259 2988 418 3057 ἐλαφρότατος
428 2991 558 3050 uertatur,
571 2975 672 3044 ῥηϊδίως
684 2985 765 3056 ripaue
801 2993 888 3044 invit.
898 2992 991 3046 Antou.
1003 3009 1027 3060 p.
1039 3005 1190 3046 eam-nee
1199 2991 1302 3040 luteum

260 3071 322 3139 μιτὰ
335 3069 445 3140 τρήρωνα
453 3071 557 3122 πέλειαν.
571 3069 611 3122 Cl.
620 3069 692 3136 Virg.
705 3073 762 3122 AEn.
804 3077 891 3128 Clusae
902 3075 951 3126 rita
964 3093 1049 3146 repar.
1064 3093 1132 3134 oms,
1143 3077 1168 3126 h.
1180 3094 1201 3126 e.
1215 3091 1266 3137 neo,
1275 3081 1303 3124 ut

262 3154 316 3219 XI,
335 3165 397 3216 tat,
412 3155 455 3205 uti
473 3155 543 3222 plura
558 3164 606 3206 tarn
625 3153 766 3206 Graemmm
802 3169 903 3210 mortem
915 3157 1047 3223 eflugeret,
1060 3159 1202 3221 occultiora,
1215 3157 1305 3224 quibus

260 3255 333 3306 quam
354 3239 497 3290 Latinorum
517 3248 641 3305 poetarum
662 3237 687 3290 in
706 3239 768 3290 hano
802 3239 899 3302 lateret,
913 3237 964 3292 lone
980 3239 1027 3289 cita
1037 3238 1111 3289 elatee
1125 3255 1223 3305 parare,
1240 3237 1265 3286 h.
1280 3255 1302 3287 e.

262 3339 313 3374 rem
326 3321 434 3390 exempla
449 3321 564 3374 conduxit
578 3320 669 3372 Cerdo.
680 3351 716 3362 ·-
725 3323 768 3370 ni·
802 3319 896 3388 assequi
906 3319 1007 3370 studuit.
1020 3335 1178 3389 -repamre
1189 3337 1233 3386 pro
1244 3321 1306 3370 aim-

261 3405 325 3456 vatis
335 3405 489 3462 Hoemom'oe,
498 3403 647 3469 Tlteeealiae,
662 3406 693 3455 ab
703 3405 768 3454 anti·
804 3401 865 3470 plico
871 3417 974 3471 perure,
985 3413 1012 3452 ut
1020 3419 1087 3469 supr.
1100 3401 1123 3465 1,
1134 3411 1175 3462 at,
1190 3413 1230 3466 ta,
1241 3405 1307 3455 vina

262 3507 311 3557 quo
325 3505 379 3555 rege
392 3489 523 3546 Hoenmne,
535 3506 589 3556 quae
604 3505 668 3540 nunc
679 3505 692 3538 a
705 3498 768 3539 tem·
805 3498 919 3554 reparata
928 3501 973 3553 pro
985 3504 990 3533 :
1002 3498 1103 3555 pamm.
1114 3485 1143 3536 ln
1153 3487 1306 3555 quoquidem

265 3589 339 3639 pore,
355 3589 403 3639 quo
418 3571 512 3638 lepores
526 3570 551 3621 in
567 3571 657 3637 campie
671 3580 770 3621 venator
804 3569 871 3620 verbi
883 3585 1001 3638 reparare
1012 3585 1058 3619 ueu
1068 3585 1144 3636 quum
1159 3579 1253 3632 essent,
1263 3571 1306 3638 qui

263 3654 379 3720 indagare
403 3653 480 3716 solet,
502 3653 594 3704 ramalia
616 3652 715 3703 dicitur.
735 3681 769 3690 -
805 3669 853 3703 non
865 3653 1015 3720 acquiescere
1031 3661 1144 3719 possent,
1158 3653 1308 3705 emendando

262 3735 335 3787 duret
344 3747 373 3784 ut
383 3736 489 3793 omanis,
508 3753 537 3786 eo
551 3735 641 3786 seilicet
653 3733 767 3798 coneilio,
804 3733 937 3786 ¹ocutiouit
944 3733 1097 3786 insolentiam
1111 3734 1195 3786 tollere
1208 3736 1307 3787 studue-

262 3831 290 3871 ut
309 3838 340 3871 ex
362 3836 429 3870 more
451 3819 552 3868 solemni
575 3829 690 3868 catenata
710 3827 767 3867 ante
805 3827 882 3880 runt3
906 3817 1037 3868 Bentler'ue
1064 3818 1163 3887 quidem
1186 3818 1309 3884 ingeniose

261 3921 358 3955 ctrrrum
380 3901 551 3969 triumphalem
571 3901 708 3952 dnoeretur.
732 3931 765 3940 -
802 3899 911 3952 tentabat
919 3903 1061 3972 peneuuvr't
1071 3919 1138 3962 oms,
1153 3913 1180 3954 ut
1191 3901 1308 3968 Ittyn'cor

264 3987 349 4036 route
359 3997 506 4040 mortanum,
520 3984 646 4036 horrenda
658 3995 683 4035 et
693 3985 765 4035 inau-
801 3985 876 4034 simas
889 3997 1026 4054 peneum
1042 4003 1103 4052 pro:
1119 3987 1144 4036 in
1155 3986 1223 4037 tinut
1237 3983 1305 4050 lllyr.
