2838 4550
244 432 263 473 2
574 399 578 402 ’
659 404 869 477 HORATII

288 548 407 610 Versus
423 543 606 606 acatalectus
622 556 671 605 est
686 542 720 606 in
735 545 825 626 cujus
839 542 953 606 ultimo
966 557 1074 606 metro
1088 543 1170 608 nihil
1182 543 1224 609 ad
1237 547 1284 610 in·
1344 615 1347 618 ,

244 655 427 741 tegritateur
439 652 544 732 deest,
557 675 664 740 neque
676 651 853 741 quidquam
866 653 1010 718 abundat
1022 655 1126 741 (utun.
1137 657 1183 736 l).

286 767 406 830 Versus
413 761 685 852 hypercatalectus,
696 763 730 826 in
738 784 804 849 quo
815 763 923 828 unaiu
931 765 996 830 fine
1006 764 1130 852 syllaba
1139 765 1284 830 abundat

243 871 350 959 (num.
370 873 418 962 6).

287 984 381 1048 Basis
400 997 450 1046 est
466 1003 524 1069 pes
545 980 683 1045 duarum
704 997 760 1046 aut
779 982 878 1046 trium
896 981 1112 1070 syllabarum,
1129 1005 1147 1046 a
1164 982 1283 1071 quibus

246 1113 360 1159 versus
378 1088 510 1178 quidam
529 1089 711 1170 exorditur,
729 1105 904 1178 antequam
922 1089 1157 1179 series-pedum
1175 1093 1284 1159 versui

243 1200 289 1266 illi
303 1199 514 1288 propriorum
528 1199 643 1286 incipit
656 1198 761 1286 (num.
776 1201 884 1288 6-9).

286 1309 413 1373 Horatii
429 1307 500 1373 odae
516 1331 701 1397 perversus
711 1311 765 1376 vel
777 1307 922 1398 ejusdem
934 1331 1049 1398 usque,
1063 1311 1117 1376 vel
1128 1308 1280 1398 duplicis‚

242 1425 295 1490 vel
314 1423 450 1513 triplicis
472 1424 603 1514 generis
623 1424 817 1491 decurrunt.
842 1426 926 1490 Sunt
945 1425 1044 1512 igitur
1062 1427 1211 1508 ποιήματα
1230 1426 1283 1492 vel

243 1537 409 1630 μονόκωλα,
421 1542 473 1608 vel
486 1535 606 1626 ὃίκωλα,
618 1544 670 1609 vel
681 1537 818 1632 spinula.
833 1545 953 1610 Versus
970 1559 1078 1607 autem
1093 1543 1213 1611 diversi
1229 1569 1284 1632 ge·

243 1651 346 1729 neris,
362 1672 404 1714 ex
419 1664 511 1714 certo
529 1647 646 1716 ordine
663 1673 794 1739 semper
810 1647 1001 1729 redeuntes,
1013 1663 1176 1738 systemta
1189 1649 1281 1738 (nosz

244 1759 392 1849 Snopltm
415 1783 441 1824 s.
461 1759 602 1850 διακαῆ)
625 1759 769 1824 efficiunt
794 1759 857 1825 sibi
881 1759 916 1824 in
942 1759 1049 1825 vicem
1074 1757 1183 1847 quoad
1208 1757 1284 1846 rhy-

245 1869 371 1935 thmum
385 1869 509 1934 similia.
528 1868 654 1954 Quodsi
666 1885 743 1958 post
753 1869 872 1934 seriem
883 1851 1040 1934 binorum
1055 1857 1207 1934 versuum
1219 1867 1285 1956 pri-

244 2005 334 2048 mum
351 2004 454 2070 genus
470 1978 572 2062 redit,
592 1995 798 2069 systemaxest
816 1974 982 2070 diasprum
1003 2003 1044 2046 ex
1061 2002 1128 2068 quo
1147 1978 1226 2068 quid
1245 1981 1285 2044 sit

244 2091 430 2184 rprbrpaoov,
450 2091 664 2182 μονόστροφον,
679 2092 887 2182 τετράστροφον
901 2091 994 2158 facile
1006 2107 1106 2182 patet.

667 2270 839 2318 'lm

340 2438 380 2499 A.
405 2413 626 2512 vnusuuu
648 2391 965 2508 sruoutonun
986 2442 1183 2508 aarum.

520 2620 523 2630 '
583 2644 612 2686 a.
641 2621 771 2690 Versus
785 2619 948 2693 iambici.

293 2785 323 2846 1.
338 2785 458 2848 Versus
467 2737 687 2871 ltyohallious,
698 2786 962 2873 quiestdimetsr
975 2789 1283 2880 brachycatalectus.

407 3683 510 3740 lnarsit
522 3682 674 3742 astuosius.
691 3684 785 3760 Epod.
801 3685 829 3752 3,
844 3685 887 3740 18.

405 3782 459 3838 Vel
471 3782 574 3839 hoedus
587 3795 702 3860 ereptus
715 3785 795 3860 lup.
813 3785 907 3859 Epod.
919 3801 948 3852 a,
958 3783 1006 3840 60.

403 3881 511 3938 Imbres
524 3881 658 3958 nivesque
671 3893 825 3960 comparat.
843 3883 936 3958 Epod.
950 3900 977 3952 a,
993 3883 1036 3938 30.

289 4063 310 4101 t.
331 4051 408 4104 Podes
418 4051 463 4104 sub
474 4051 563 4105 lineola
574 4063 685 4123 punctata
696 4053 768 4124 positi
779 4055 859 4107 rarius
867 4054 1033 4106 inveniuntur.
