3010 4556
252 331 324 419 354
531 333 575 418 Q.
603 331 809 398 HORATll
835 329 1011 398 FLACCI

403 475 524 543 Mirari
540 469 636 542 libet!
654 473 687 540 Ο
703 471 868 541 Naiadum
887 486 1021 564 potens,

348 593 619 685 Baccharumque
638 589 818 660 valentium

396 715 557 780 Proceras
574 711 726 780 manibus
744 724 874 779 vertere
891 709 1057 781 fraxinos:

349 829 406 900 Nil
423 854 564 924 parvum
583 845 640 898 aut
658 826 778 897 humili
797 827 916 914 modo,

400 947 456 1020 Nil
471 947 613 1018 mortale
627 947 755 1042 loquar.
770 943 877 1016 Dulce
891 943 1078 1040 periculum
1092 961 1157 1034 est,

349 1071 380 1138 Ο
399 1065 536 1138 Lenaecl
557 1069 648 1161 sequi
667 1066 777 1136 Deum

396 1187 595 1280 Cingcntem
614 1184 712 1260 viridi
730 1201 878 1280 tempora
897 1185 1067 1278 pampino.
1259 1201 1300 1239 2⁰

291 1377 332 1418 ra.
352 1361 516 1418 ONatadum
527 1375 625 1433 potens,
638 1373 685 1414 cre.
696 1378 755 1416 esu·
790 1362 947 1416 ssunbieronr
956 1360 1107 1424 ascendisse,
1117 1361 1297 1428 eamqusarbo-

253 1465 289 1512 sa,
299 1449 475 1501 mrhuoactus
488 1446 564 1498 luerit
573 1455 660 1513 poete,
677 1446 755 1498 dein·
792 1463 844 1500 rem
859 1446 942 1500 ststirn
953 1463 968 1498 a
978 1446 1078 1498 Bacchis
1092 1447 1254 1509 endisatarn,
1273 1459 1299 1500 et

253 1530 672 1606 tegmejusrnbitsuirnurnjitemrrr
682 1529 757 1594 igitur
791 1531 906 1596 dejectam
923 1547 978 1582 curu
995 1529 1107 1580 Pentheo
1123 1527 1208 1580 fuisse.
1227 1529 1299 1582 Unde

252 1614 358 1683 appellat
367 1614 501 1678 Bacchum,
513 1623 538 1664 ct
552 1613 578 1662 in
590 1611 755 1677 sublimioris,
791 1616 924 1682 Euripides
939 1614 965 1666 in
978 1613 1092 1666 Bacchis:
1102 1631 1116 1660 n
1126 1611 1151 1664 sl
1166 1607 1195 1662 di
1211 1611 1298 1682 pupius

252 1700 283 1750 de
291 1715 340 1766 quo
348 1697 427 1761 dixit,
442 1695 558 1749 carminis
571 1695 626 1746 nisu
637 1695 754 1762 persistit.
792 1699 854 1768 χέρα
863 1698 1008 1766 ursatum
1020 1695 1103 1761 isaim,
1114 1691 1297 1764 spissiorem

253 1784 275 1834 Ο
285 1780 416 1834 Naiadum
424 1794 528 1852 potens,
543 1777 637 1834 Bacch.
654 1797 670 1831 ο
682 1781 756 1842 dens,
793 1781 882 1846 χθονός.
896 1801 908 1828 r

255 1867 280 1918 in
298 1865 367 1932 cujus
379 1875 497 1932 potestate
507 1863 615 1916 Naisdes
624 1875 649 1914 et
659 1863 757 1916 Bocche
831 1877 872 1918 ts.
884 1865 969 1920 Dulce
977 1867 1057 1934 petre.
1071 1875 1110 1916 sss
1118 1865 1209 1936 sopiri,¹
1228 1866 1296 1932 pori-

252 1961 323 2018 susq
335 1961 363 2002 ut
374 1968 441 2018 supr.
457 1950 480 2010 l,
491 1961 517 2012 a,
531 1961 554 2001 r:
563 1969 577 1996 α
585 1949 672 2001 Venus
681 1949 757 2018 Cypri
792 1951 899 2002 culusum
909 1949 1007 2018 quidem
1017 1959 1066 2002 tam
1075 1950 1175 2016 grandia
1184 1959 1296 2012 untarer

252 2033 756 2105 potens,»0rinsr.cmn.saec.murana
793 2035 837 2086 boc
857 2044 938 2086 antem
962 2033 1098 2100 periculum
1118 2035 1225 2102 experiri
1248 2049 1295 2084 non

250 2122 366 2174 silvarum
380 2129 474 2188 potens.
484 2139 498 2166 rr
517 2117 557 2170 Cl.
571 2117 675 2170 Musclr.
688 2135 757 2170 com-
794 2136 903 2184 renuam,
914 2119 1064 2172 immoduloe
1073 2119 1298 2183 ermemberto,

252 2214 323 2272 parat
334 2203 416 2271 Orpb.
427 2201 462 2256 tl.
477 2201 591 2261 L111‚s;
607 2199 701 2254 «Nalm
717 2199 758 2253 ml
793 2205 833 2257 cui
850 2205 919 2257 frons
930 2221 1026 2272 seraper
1035 2204 1108 2256 viridi
1120 2205 1297 2273 pampinaria-

253 2288 357 2354 rapu<
374 2288 488 2357 ἡγούμενα
506 2286 672 2356 xrcropdprrsr.
691 2309 703 2336 r
722 2312 757 2328 --
791 2289 866 2354 giurr,
881 2289 951 2356 qussi
967 2289 993 2340 in
1009 2288 1165 2357 sequentium
1183 2287 1297 2338 solatium

251 2367 754 2438 valenr.Procsr·.manihverreresrrrx.
792 2371 1297 2436 etiocitamenturu.Similiterinlr.lV,s,

252 2453 348 2506 Dicitur
366 2454 432 2506 onim
444 2452 597 2511 Pentheum,
615 2453 757 2521 insequente
794 2469 837 2520 aa,
846 2457 952 2508 Bocchus
965 2456 1095 2508 «Ornatus
1108 2457 1180 2507 viridi
1191 2467 1299 2522 tempera

252 2536 334 2604 Agave
349 2547 374 2589 ot
386 2535 553 2594 Maenadibus,
573 2535 598 2586 'ur
615 2535 755 2600 irarirrum,
793 2540 929 2606 pampinos
943 2539 1046 2592 sistitur.

287 2809 419 2861 Asrrrsrs.
439 2805 543 2872 Augusti
553 2809 650 2862 divinos
662 2812 768 2862 honores
782 2813 834 2863 sire
845 2811 975 2862 ἀποθέωσιν
986 2813 1093 2862 carmin'e
1105 2827 1177 2879 quam
1193 2811 1299 2862 maxime

252 2897 352 2948 sublimi
362 2885 539 2962 celebraturus,
551 2896 668 2964 furorem,
677 2915 750 2967 quern
762 2899 869 2951 bacchus
882 2900 958 2968 poetis
968 2898 1155 2968 dithyrambicis
1167 2898 1300 2949 immittere

252 2981 394 3050 putabatur,
406 2989 502 3050 pectore
511 2982 617 3052 concipit
627 2983 752 3036 lloratius.
767 2985 855 3036 Bacchi
867 2985 941 3050 igitur
952 2983 1035 3054 lurore
1048 2983 1145 3052 plenus,
1157 2983 1193 3034 uti
1205 2982 1299 3032 Maenas

252 3068 346 3137 aliqua,
358 3067 384 3118 irr
396 3082 495 3119 nemora
505 3077 529 3119 et
538 3085 622 3137 specus
633 3069 752 3134 aufertur,
764 3070 807 3120 uhi
817 3070 843 3120 in
855 3080 925 3120 antro
933 3069 1036 3137 quodam
1050 3067 1155 3118 sublime
1164 3077 1189 3118 et
1200 3067 1300 3118 inaudi-

253 3165 304 3206 tum
314 3163 371 3206 ante
380 3154 406 3206 irr
419 3152 533 3222 Augusti,
546 3156 612 3208 inter
619 3157 682 3208 Deos
694 3157 775 3220 relati,
787 3157 870 3208 laudes
881 3173 978 3207 carmen
991 3155 1100 3206 dicturus
1109 3164 1155 3206 est.
1166 3153 1226 3205 Mox
1237 3171 1297 3220 pau-

251 3241 328 3292 lulum
339 3256 369 3292 er
379 3239 456 3292 unimi
468 3243 506 3292 sui
519 3241 623 3293 tumultu
633 3243 663 3292 ad
672 3259 698 3294 se
708 3243 805 3294 rediens
815 3243 988 3310 circumspicit,
1003 3252 1029 3292 et
1041 3240 1100 3307 loca,
1111 3241 1142 3291 sd
1150 3257 1204 3308 qum
1217 3239 1300 3290 furore

253 3327 360 3396 percitus
368 3327 461 3379 delatus
471 3327 514 3394 sit,
526 3329 638 3380 miratur.
650 3329 716 3379 Tum
726 3329 844 3381 Bacchum
856 3329 971 3398 appellat,
982 3337 1016 3394 et,
1025 3327 1097 3397 quale
1106 3343 1202 3378 carmen
1213 3333 1299 3376 cantr-

252 3427 322 3468 tunrs
333 3415 376 3480 sit,
387 3415 478 3466 iterum
491 3415 626 3482 profitetur.
643 3415 722 3467 Sensu
735 3427 816 3468 autem
828 3417 905 3466 dulcis
919 3417 985 3466 illius
998 3415 1101 3479 luroris,
1115 3431 1173 3482 quo,
1183 3413 1226 3482 qui
1236 3411 1298 3462 Bac-

251 3503 323 3554 chum
334 3511 477 3570 sequuntur‚
489 3500 678 3568 perfundantur,
687 3501 805 3556 delinitus
816 3503 896 3554 subito
906 3519 1002 3554 carmen
1014 3501 1076 3552 linit.
1087 3499 1193 3566 -Quid
1203 3499 1299 3566 assequi

251 3600 322 3658 poeta
331 3589 376 3640 hoo
386 3589 494 3639 carmine
503 3587 681 3656 dithyrambioo
692 3590 772 3658 (quale
786 3591 835 3641 lcrc
846 3601 883 3643 est
895 3609 961 3660 supr.
974 3590 1017 3656 ll,
1033 3591 1078 3656 lu)
1093 3587 1210 3652 voluerit,
1229 3585 1299 3637 facile

251 3683 359 3744 apparet.
372 3673 508 3726 Ostendere
518 3691 605 3742 nempe
616 3675 703 3742 voluit,
713 3693 763 3744 quo
778 3694 820 3728 ore
834 3677 937 3744 Augusti
953 3675 1037 3728 laudes
1047 3676 1216 3728 celebraturus
1229 3687 1300 3723 ruere

158 3791 162 3798 -
249 3761 346 3811 debent.
357 3757 415 3810 Non
427 3775 515 3811 canens
528 3765 609 3810 autern
620 3759 674 3812 illas
686 3760 770 3813 laudes
781 3779 841 3814 novo
854 3773 879 3813 et
896 3761 1054 3827 sublimiore,
1069 3761 1135 3832 quod
1147 3777 1173 3810 se
1185 3757 1299 3809 meditari
1327 3756 1328 3760 ’

250 3846 296 3912 ait,
305 3845 424 3910 carmine,
438 3843 509 3894 tacite
521 3843 552 3894 iis
567 3845 682 3896 canendis
693 3857 718 3897 ct
728 3849 828 3898 uberius
838 3847 980 3900 enarrandis
990 3865 1016 3898 se
1028 3847 1147 3916 imparem
1161 3845 1296 3914 profitetur.

251 3929 306 3996 Quo
314 3931 413 4000 quidem
427 3929 490 3984 nihil
500 3931 531 3982 ad
540 3941 639 3982 tentator
652 3933 687 3984 rei
700 3934 886 4002 amplitudinem
899 3934 1073 4000 designandam
1091 3935 1172 4004 aptius
1187 3930 1299 3998 gravius-

248 4034 296 4084 que
308 4032 321 4068 a
335 4028 404 4085 poeta
418 4018 475 4083 liugi
487 4019 573 4086 potuit.
