2952 4558
457 329 549 396 ure.
575 330 650 415 ιιι,
676 330 919 400 casnm.
1140 331 1208 431 257

164 465 329 538 somiudr‘m',
342 466 474 536 saprinu'oe
485 475 511 518 et
524 465 646 534 seb'grbni
653 484 697 535 per
707 467 832 520 silentium
841 468 873 520 de
883 470 956 520 saeris
963 469 1058 522 amanis
1067 473 1210 525 renaudum

172 556 312 622 designatis,
325 563 418 606 mature
429 552 598 604 assuefaciant.
610 552 665 604 lam
675 571 734 607 sero
744 573 821 622 quum
830 554 955 607 sententie
962 536 1068 628 ¹laxiore,
1078 568 1106 609 ut
1119 560 1211 611 carmi-

174 642 213 693 nis
223 641 293 710 lyrici
307 639 401 690 ferebat
413 631 522 698 indoles,
535 638 561 688 in
574 639 619 690 boe
627 656 723 707 quoque
732 640 840 691 carmine
849 639 915 692 inter
926 657 953 692 se
963 659 1031 693 nexae
1041 644 1091 694 sint
1100 645 1212 713 vinculo,

174 726 200 778 id
213 725 274 777 adeo
284 721 410 776 nonnullis
423 721 502 774 fraudi
518 722 573 784 ruti,
586 733 622 786 ut,
635 741 711 791 quum
724 725 797 790 ratio,
814 740 863 792 que
874 741 915 776 eas
925 725 995 778 inter
1006 743 1032 778 se
1042 729 1209 794 conciliarent,

175 829 223 864 uon
233 818 387 879 suppeteret,
400 809 444 860 hoe
455 823 552 859 carmen
562 825 592 859 ex
601 809 681 859 tribus
689 807 793 860 dirersis
802 809 858 860 aliis
866 809 995 862 condatum
1005 827 1058 862 esse
1066 823 1209 868 statuerent.

174 899 223 951 Sed
238 898 301 949 bene
315 913 342 948 se
358 912 396 947 res
409 895 493 946 bsbet.
511 895 643 946 Sententiae
661 897 695 947 ita
713 896 764 947 fere
776 913 801 946 se
813 897 953 974 excipiunt:
965 899 992 950 si
1004 902 1215 970 antiquam'gentis

175 994 263 1036 nostre
272 982 372 1050 gloriam
381 982 487 1049 amplius
495 981 559 1032 tueri
568 981 695 1048 volumus,
707 981 798 1034 relictis
808 982 880 1034 rebus
888 983 1015 1050 omnibus,
1026 1002 1114 1055 pueros
1123 1001 1215 1043 nocuos

176 1080 270 1122 mature
282 1070 308 1120 in
320 1069 472 1137 perferendis
482 1067 541 1120 belli
552 1068 676 1120 laboribus
688 1086 809 1131 exeruere,
822 1069 852 1120 ad
864 1071 949 1122 mortis
957 1090 1001 1140 pro
1009 1075 1088 1140 putris
1099 1087 1215 1144 susceptet

175 1157 249 1207 deese
261 1155 421 1218 inflammare,
433 1154 465 1205 ab
475 1154 576 1220 ignavie
585 1164 666 1205 autem
675 1155 791 1206 dedecore
798 1155 933 1219 deterrere,
944 1158 1013 1208 etsie
1023 1175 1064 1211 eos
1074 1163 1216 1216 metuendos

175 1245 287 1296 hostibus
299 1245 388 1296 nostris
401 1245 501 1296 reddere
511 1244 637 1295 debemus.
650 1244 697 1294 Sed
706 1253 796 1311 proeter
806 1243 975 1297 fortitudinem
985 1257 1023 1298 est
1033 1250 1081 1300 ulia
1088 1252 1176 1320 virtus,
1184 1253 1215 1305 sd

175 1330 244 1396 eujus
253 1331 359 1381 studium
371 1339 465 1380 mature
477 1329 609 1380 adducendi
620 1338 678 1380 sunt
689 1329 769 1397 pueri,
779 1345 844 1396 que,
855 1347 930 1398 quum
942 1331 1044 1392 minime
1055 1333 1085 1384 sd
1097 1351 1162 1386 aure
1173 1355 1215 1406 po·

176 1417 269 1486 pulcris
276 1415 405 1468 arbitrium
414 1433 440 1466 sc
447 1415 616 1480 accommodet,
623 1415 665 1466 sed
675 1425 752 1466 semet
762 1415 838 1482 ipsam
849 1433 893 1468 suo
902 1416 978 1485 ipsius
989 1427 1085 1470 tueatur
1094 1423 1215 1489 presidio,

176 1520 257 1574 noque
266 1504 292 1554 iu
300 1503 411 1571 petendis
423 1502 558 1554 bonoribus
568 1501 752 1568 ignominiosam
768 1501 890 1570 repulsam
904 1503 971 1566 fert,
987 1520 1065 1573 neqtm
1077 1507 1104 1557 iu
1117 1508 1148 1560 iis
1160 1509 1216 1561 iun·

176 1590 262 1657 podis
269 1585 421 1641 mannetis
429 1587 620 1652 cujusdamnota
634 1587 821 1651 contaminatur,
833 1587 908 1640 immo
917 1589 1106 1644 immortalitatis
1115 1597 1216 1662 premio

176 1676 291 1728 afficitur.
302 1674 342 1727 Ad
352 1676 414 1726 banc
424 1674 518 1726 accedat
530 1673 635 1724 Deorum
647 1673 817 1734 observantis,
829 1692 882 1744 quse
896 1676 1001 1728 maxime
1012 1689 1113 1746 apparet
1123 1680 1148 1731 iu
1162 1699 1216 1734 ser-

176 1764 254 1816 vando
266 1763 298 1814 de
315 1763 389 1813 saeris
405 1761 528 1830 mysteriis
540 1760 647 1812 silentio.
660 1759 691 1809 ln
702 1776 805 1828 quantus
815 1761 932 1812 uirtutum
945 1764 1153 1816 commendatione
1161 1768 1217 1836 quis

177 1864 226 1899 nou
243 1846 318 1898 sentit
331 1846 508 1911 generosiorem
521 1843 651 1912 spiritum,
661 1859 710 1911 quo
720 1859 776 1895 suos
787 1845 876 1896 emices
887 1863 944 1897 rere
954 1846 1078 1900 liumaum
1088 1851 1218 1904 accendere

177 1931 264 1998 eupit?

178 2131 1216 2154 mmmmfflfflmmmffflsfimfflfflw

508 2309 777 2398 CARMEN
806 2309 895 2393 ΙΙΙ.

334 2530 451 2588 lustitite
465 2539 494 2584 et
506 2527 668 2585 constantiae
681 2527 759 2595 laus3
775 2525 892 2581 Romuli
904 2525 1073 2600 apotheosis.

278 2737 416 2814 luerunt
433 2756 472 2800 ac
491 2741 640 2800 tenacem
658 2729 822 2823 propositi
839 2729 965 2814 virum,
1056 2786 1062 2794 .

279 2852 354 2922 Non
371 2851 491 2919 civium
509 2847 610 2916 ardor
628 2871 730 2940 prava
745 2845 950 2938 jubentium,

327 2971 404 3040 Non
421 2967 530 3036 vultus
546 2965 699 3034 instantis
715 2964 849 3058 tyranni

375 3090 490 3173 Mente
507 3085 614 3180 quatit
630 3080 752 3170 solida,
769 3107 876 3177 neque
891 3061 1027 3168 Auster,

217 3307 242 3346 t.
261 3293 329 3344 Just.
344 3301 438 3342 auten.
449 3286 573 3358 proposrb'
582 3285 679 3342 virm,
717 3284 788 3340 tium,
800 3279 981 3348 imperantium,
994 3275 1122 3342 imperiose
1134 3286 1219 3343 postu·
1255 3293 1258 3298 ·

180 3379 258 3430 virum
274 3377 394 3445 probum,
408 3383 433 3424 et
445 3371 530 3434 iniis,
540 3385 594 3436 qua
608 3366 681 3418 semel
718 3366 830 3418 lentium.
841 3362 989 3417 -vuum,
1000 3358 1082 3408 minus
1093 3375 1181 3426 nempe
1194 3370 1219 3410 et

180 3463 245 3514 bona
260 3472 285 3514 et
298 3463 401 3512 honesta
418 3473 471 3508 esse
488 3453 624 3514 intellexit,
640 3453 682 3502 iu·
718 3460 855 3502 torvus.-
869 3447 954 3496 Mente
973 3442 1056 3512 quusr't
1069 3439 1164 3499 colrido,
1185 3443 1219 3492 ita

180 3563 295 3600 wucusso
305 3545 390 3596 animo
398 3541 568 3611 persistentem
578 3557 585 3603 3
599 3534 682 3586 laudat
718 3531 845 3601 impellere
856 3540 881 3581 ot
891 3535 1019 3580 concutere
1027 3523 1100 3584 valet,
1113 3535 1140 3574 ut
1151 3541 1219 3575 meus

181 3629 256 3695 igitur
264 3645 319 3680 eam
327 3637 422 3678 tanturn
432 3623 681 3686 mnsunttantuu
718 3618 770 3686 ejus
782 3613 872 3673 coltile,
884 3615 910 3664 h.
921 3627 944 3662 e.
959 3607 1104 3672 immobilis,
1113 3607 1145 3658 de
1153 3618 1217 3661 statu

180 3713 219 3762 vir
225 3713 308 3780 justus
325 3713 350 3761 in
366 3710 440 3760 rebus
454 3707 527 3773 justis
541 3703 636 3772 probat.
648 3729 683 3739 -
718 3719 763 3753 suo
778 3699 916 3765 dejiciatur.
931 3697 998 3747 Bene
1010 3693 1041 3744 ad
1053 3708 1105 3743 rem
1121 3707 1219 3760 compa-
1235 3691 1238 3696 '

181 3821 216 3832 ——
226 3792 314 3851 ardor,
332 3794 409 3842 furor.
421 3817 457 3828 -
466 3805 560 3859 pluro,
575 3784 683 3850 intellige
719 3795 775 3836 rant
787 3784 848 3834 illud
860 3780 972 3834 Juvenal.
981 3777 1057 3838 Vlll,
1070 3787 1100 3829 to
1112 3792 1119 3826 ι
1132 3795 1144 3822 r
1156 3777 1222 3829 Pha·

182 3893 222 3929 res
240 3893 330 3942 noras,
352 3874 499 3934 seditiones,
522 3881 549 3923 et
568 3869 685 3940 quioquid
718 3867 777 3919 laris
789 3867 846 3918 licet
863 3867 967 3932 imperet
984 3871 1011 3912 ut
1030 3861 1063 3911 sis
1079 3857 1179 3927 Falsus,
1201 3871 1227 3914 et
1276 3917 1278 3924 y

181 3953 250 4029 pravi
260 3962 326 4013 ciros
337 3967 421 4010 contra
434 3955 539 4008 civitatis
549 3952 651 4005 salutem
661 3960 687 4003 et
720 3950 817 4002 admoto
828 3948 904 3999 dictet
918 3943 1026 4014 perjuria
1035 3952 1114 3993 tauro.
1132 3963 1145 3990 s

182 4045 374 4097 incolumitatem
388 4041 530 4094 moliuntur.
543 4066 580 4077 -
588 4035 686 4108 juloss·
759 4045 784 4083 t.
804 4033 896 4102 Neque
915 4031 1020 4085 Auster,
1034 4025 1099 4077 Dux
1118 4027 1228 4100 inquieti

255 4149 314 4184 ιιοι.
331 4150 349 4182 ι.
1041 4131 1078 4192 17
