2894 4558
415 342 558 411 neon.
584 341 675 408 nra.
701 341 853 409 canu.
879 341 958 408 xv.
1096 427 1108 438 ἱ
1141 335 1209 437 527

166 455 285 550 Gaude
301 492 390 548 sorte
408 491 482 564 tua,
498 499 552 544 me
568 472 743 562 libertina,
762 497 869 586 neque
884 499 953 544 uuo
1175 473 1210 530 ιδ

311 595 496 684 Contenta,
514 591 651 688 Phryne
668 607 826 662 macerat.

166 785 284 854 ,turbuno
295 785 374 854 ipsum
387 783 461 835 aimul
469 799 578 835 amorem
589 799 673 835 accen·
708 781 836 847 va111,
850 790 909 850 tut,
920 781 951 832 de
962 781 1091 834 amicaaua
1102 803 1107 833 :
1124 803 1138 831 a
1149 782 1210 851 Qum

165 886 198 920 aa
216 884 313 938 quoque
333 866 415 934 Troia
434 880 506 918 cama
525 865 673 918 exstitit-
710 875 791 918 tamen
802 866 850 918 eui
863 881 972 918 nnonon
987 877 1026 919 eat
1036 877 1152 922 matema
1160 867 1212 921 Ga-

166 969 313 1025 nequeunn
326 947 675 1018 Conantu5Gatuli.quoquo
711 949 805 1002 tullo.»

199 1234 332 1288 Aranrua.
353 1234 501 1298 Mmuenati,
516 1233 649 1286 identidem
660 1234 791 1287 Horatium
805 1235 899 1302 roganti
910 1245 937 1288 et
951 1236 983 1287 ab
993 1251 1022 1288 eo
1030 1233 1211 1303 expostulanti,

164 1340 208 1375 mr
220 1323 271 1390 jam
283 1323 326 1374 diu
341 1323 423 1374 datam
441 1321 531 1385 iidem,
544 1337 571 1372 aa
582 1336 681 1373 carmen
693 1321 824 1372 iambicum
835 1337 891 1372 oum
901 1321 944 1374 illo
952 1323 1130 1374 cummunicare
1137 1321 1213 1389 relle,

165 1408 272 1462 nondum
284 1407 424 1482 emoluerit,
436 1406 565 1474 reapondet
575 1416 645 1474 poeta
655 1407 682 1457 in
692 1406 738 1458 buu
746 1407 864 1472 carmine,
872 1407 931 1459 dum
942 1409 1022 1460 omnia
1033 1425 1106 1459 morta
1114 1423 1210 1460 canaam

165 1496 192 1548 iu
200 1493 327 1560 Amorem,
335 1511 384 1562 quo
393 1493 497 1559 gravius,
506 1509 579 1562 qnam
590 1491 649 1544 olim
660 1491 800 1558 Anacreon,
813 1503 942 1562 torreatur,
953 1493 1057 1546 confert.
1070 1495 1106 1546 De
1115 1511 1209 1547 summa

163 1589 246 1633 antean
257 1578 358 1632 Artoria
372 1579 396 1630 ri
414 1579 493 1645 ipsum
509 1576 687 1644 Manenatem,
701 1577 728 1630 in
743 1577 914 1646 pulcherrima
925 1579 1012 1648 puellm
1022 1595 1105 1632 amore
1118 1597 1208 1650 quam-

165 1668 270 1721 maxima
279 1676 435 1735 omupatum,
448 1665 526 1718 fauete
537 1674 624 1716 teatem
637 1664 705 1718 iacit.

169 1865 606 1902 “mm

472 2051 753 2138 CARMEN
790 2053 896 2142 XV.
932 2085 934 2092 ·

537 2268 596 2322 AD
616 2267 829 2324 NEAERAM.

220 2443 313 2515 Hujus
326 2444 455 2520 perjuria
469 2446 618 2521 queritur,
636 2447 778 2522 rivaiique
791 2463 845 2503 auo
858 2445 958 2503 eadam
970 2445 1149 2504 vaticinatur.

162 2613 243 2682 Nox
259 2632 350 2704 orat,
366 2633 399 2687 et
415 2621 494 2690 ereio
515 2621 662 2719 fulgebat
679 2627 774 2694 Luna
793 2649 929 2712 sereno,

304 2735 397 2802 Inter
415 2738 546 2806 minora
564 2739 690 2829 sidera,

157 2845 273 2934 Quum
292 2861 346 2936 tu,
363 2871 562 2943 magnorum
580 2877 703 2924 numen
719 2855 835 2926 laesura
852 2859 1019 2946 Deorum,

304 2967 344 3036 ln
365 2965 465 3036 verba
482 2967 617 3062 jurabas
636 2996 727 3062 mea,

196 3175 220 3217 t.
231 3162 291 3216 Itos
300 3173 363 3220 emt,
372 3169 419 3213 eto.
430 3159 497 3214 Nota
506 3163 601 3214 exordii
611 3164 663 3232 ejus
697 3165 773 3220 Luna
788 3185 837 3220 rer.
857 3167 974 3232 Noctem,
985 3168 1080 3219 Lunam
1090 3167 1202 3220 etaidera

157 3249 315 3316 gravitatem,
336 3255 412 3315 utque
431 3257 501 3314 poeta
520 3249 602 3299 omnia
621 3247 663 3300 itta
698 3267 763 3318 ratpe
773 3253 839 3319 apud
850 3261 933 3318 poetar
945 3251 1202 3306 amanteaamoriaaui

157 3332 297 3385 minutatim
308 3328 441 3384 motando
455 3329 520 3380 inter
530 3345 584 3398 quae
591 3329 663 3398 jura-
697 3336 793 3388 conseia
803 3337 909 3398 iaciunt5
919 3335 952 3386 ui.
963 3335 1068 3403 Meleag.
1078 3337 1175 3403 LXXI,
1185 3350 1197 3390 t

159 3414 415 3478 aitNeaera‚viridiua
424 3415 551 3482 acriusque
561 3415 663 3482 perjurii
698 3435 766 3488 aeqq.
780 3419 859 3470 Anth.
871 3417 920 3470 Gr.
935 3427 952 3468 t.
966 3419 989 3485 1,
1003 3436 1028 3486 p.
1040 3429 1084 3484 aa,
1094 3429 1119 3470 et
1130 3420 1202 3487 plura

158 3499 283 3566 perfidiam
294 3510 389 3566 augeat.
405 3497 559 3551 Era-Vide
569 3500 660 3563 etiam,
698 3500 723 3552 in
738 3503 801 3554 hanc
814 3518 865 3554 reru
879 3500 1097 3554 attituherttcuio
1109 3499 1202 3570 prolata

156 3599 229 3651 quam
239 3583 332 3650 egregie
345 3593 416 3650 poeta
432 3584 588 3636 exornaverit
603 3601 662 3636 aen-
697 3583 1199 3654 exempin.-interminomariiem‚aupr.

157 3667 259 3720 tentiam
278 3665 330 3720 iere
344 3667 421 3720 hano:
439 3669 511 3721 Luna
525 3667 623 3720 lucebat
635 3669 661 3720 in
696 3667 723 3734 I,
736 3678 781 3730 ta,
792 3679 841 3720 at:
860 3687 874 3716 u
885 3668 952 3721 reiut
963 3668 1030 3722 iuter
1046 3669 1114 3736 ignea
1130 3669 1201 3722 Luna

156 3751 215 3804 ento
228 3766 330 3812 sereno,
344 3767 420 3819 quum
434 3753 500 3805 inter
512 3752 661 3806 arntiaaimua
697 3753 1023 3822 minorem-magnonem
1034 3765 1130 3802 numen
1137 3751 1203 3803 Deu-

157 3834 363 3904 oompieauamihi
368 3835 482 3902 jurando,
490 3847 616 3906 teremper
623 3853 662 3890 me
698 3851 772 3895 raam,
785 3853 846 3904 pror
866 3852 952 3902 magna
969 3835 1070 3888 numina
1088 3835 1199 3888 deorum.

158 3933 234 3972 unum
247 3927 381 3974 amaturum
396 3933 462 3984 esau,
474 3930 500 3972 et
513 3922 572 3974 dena
586 3929 613 3974 et
621 3937 664 3974 *ma
698 3917 752 3973 Atti
764 3937 807 3988 per
820 3937 918 3988 magno·
927 3921 984 3974 deor
997 3919 1137 3986 intelligunt
1146 3918 1202 3972 Ve-

158 4001 255 4056 tudetes
263 4000 270 4052 Ι
279 4029 315 4040 -·
325 4001 384 4052 Nox
400 4015 469 4060 arnt.
482 4017 506 4058 at
516 4005 661 4076 coebsulg.
700 4021 784 4058 nerem
794 4005 981 4075 etCupidinem,
992 4005 1150 4076 afioruntque
1160 4003 1203 4058 illa
